2632 4718
613 704 833 771 ..18-

205 884 249 948 30
316 881 399 961 Quis
422 885 535 947 tamen
559 881 649 947 illius
673 882 739 946 fata
763 883 877 946 subire
900 857 1005 947 velit?

268 990 455 1055 Transtulit
478 990 521 1054 ad
546 990 666 1054 Persas
690 990 863 1054 Medorum
887 1008 988 1071 regna
1012 989 1161 1067 subacto,

318 1097 424 1174 Quem
447 1096 539 1159 canis
563 1096 723 1160 infantem
749 1095 834 1158 lacte
859 1093 1044 1173 nutrivit⁵)‚
1069 1115 1140 1160 avo.

269 1203 406 1268 Delituit
429 1202 559 1286 trepide
584 1204 762 1284 tectusque
785 1202 993 1284 palustribus
1018 1201 1115 1279 utria,

318 1309 383 1386 Qui
407 1309 531 1373 totiens
554 1307 679 1372 blarius
703 1307 822 1372 consul
845 1306 879 1370 in
903 1308 986 1371 urbe
1012 1307 1083 1371 fuit.

206 1417 246 1480 35
272 1416 396 1480 Antoni
421 1414 540 1481 cecidit
563 1414 680 1479 Cicero
704 1414 908 1478 clarissimus
933 1433 1023 1493 ense,

319 1522 427 1599 Quem
451 1520 579 1603 patriae
604 1520 687 1584 dixit
710 1520 816 1584 libera
840 1520 947 1583 Roma
971 1524 1108 1601 patrem.

268 1629 337 1692 Nec
363 1629 462 1692 modo
486 1646 557 1691 sors
574 1627 737 1701 homineS,
761 1626 821 1689 sed
845 1645 981 1707 magnas
1005 1625 1145 1707 proterit
1162 1647 1258 1689 arces

318 1734 429 1799 Diruit
453 1738 487 1799 et
512 1736 642 1798 veteres
667 1731 888 1814 aedificatque
912 1751 1024 1795 novas.

269 1841 352 1905 Cum
378 1841 470 1919 libet,
494 1840 641 1904 excelsas
666 1839 788 1903 evertit
812 1837 961 1902 funditus
987 1837 1096 1913 urbeS,

205 1949 250 2011 ro
318 1947 388 2011 Sub
411 1947 492 2010 luna
516 1949 688 2010 aeternum
713 1944 759 2008 nil
784 1964 956 2008 remanere
981 1945 1070 2007 sinit.

268 2052 366 2130 Quod
378 2052 469 2131 facis,
488 2072 565 2134 ergo
582 2070 716 2134 precor:
734 2052 892 2114 virtutem
909 2051 1111 2133 amplectere
1128 2069 1256 2114 sacram

320 2160 431 2241 thue
455 2160 553 2235 soleS,
578 2157 675 2223 nobis
699 2177 843 2239 semper,
868 2157 983 2233 amice,
1008 2156 1096 2220 favet

266 2267 319 2330 ble
343 2266 415 2344 tibi,
440 2266 520 2329 dum
544 2266 663 2340 rivam,
688 2267 777 2327 certe
803 2284 868 2327 non
893 2263 1024 2326 auferet
1048 2263 1115 2325 ulla

317 2348 526 2452 Tempestas,
551 2372 690 2452 quinte
715 2370 825 2433 cordis
850 2389 962 2433 amore
987 2370 1102 2433 colam.

204 2479 246 2542 45
271 2477 474 2558 Aethiopum
499 2479 609 2540 tecum
634 2497 686 2540 rne
710 2478 820 2540 nullus
845 2478 1002 2539 adureret
1027 2477 1150 2553 aestus,

319 2584 388 2648 Nec
412 2584 586 2665 Scythicae
610 2584 733 2647 nollem
757 2582 878 2662 frigora
902 2581 988 2645 ferre
1014 2582 1109 2645 nivis.

266 2691 323 2755 Vir
347 2692 454 2755 bonus
479 2690 614 2773 exponit
641 2689 720 2754 sorti
747 2710 782 2752 se
806 2688 934 2752 fortiter
958 2689 1048 2752 omni

318 2797 387 2861 Nec
412 2798 542 2873 metuit,
566 2798 701 2879 quando
724 2796 810 2860 lidus
835 2795 962 2860 amicus
986 2797 1089 2858 adest.

269 2904 403 2982 Contra,
428 2904 485 2986 qui
510 2904 625 2968 didicit
648 2904 801 2967 fortunae
825 2903 927 2967 fidere
951 2904 1024 2978 soli,

205 3014 248 3075 tit)
314 3010 372 3073 Est
397 3012 508 3089 miser,
534 3012 611 3075 lmic
635 3011 789 3092 quamvis
812 3008 878 3072 sint
903 3009 1090 3073 Salomonis
1114 3026 1205 3087 opes.

684 3345 766 3410 VIII.

585 3483 853 3554 Debesso

228 3650 241 3709 l
271 3646 381 3710 Aurea
405 3646 540 3709 Saturni
564 3666 629 3728 quo
652 3645 770 3711 tollam
794 3645 927 3709 saecula
951 3648 1061 3721 cantu,

318 3754 419 3817 Grata
443 3750 566 3834 quibus
591 3751 695 3817 laetos
719 3772 784 3833 pax
808 3750 972 3815 habitavit
997 3750 1114 3829 agros?

266 3859 473 3924 blelonomus
498 3859 612 3922 niveos
636 3860 795 3940 pascebat
819 3859 974 3923 concolor
999 3877 1111 3938 egum,

315 3965 500 4028 bliscebant
526 3964 639 4028 dulces
665 3965 786 4029 femina
809 3966 926 4046 virque
950 3965 1049 4029 iocoa

225 4074 242 4134 ἴ)
269 4072 424 4135 Gramina
447 4071 632 4152 carpebant
657 4073 809 4134 armenta
832 4072 986 4152 vagantia
1011 4069 1146 4151 passim.

316 4178 392 4249 Fur,
416 4177 554 4259 praedo,
581 4179 693 4258 raptor
718 4177 829 4240 nullus
854 4176 978 4258 ubique
1002 4176 1074 4239 fnit.

264 4283 421 4348 Nondum
446 4284 576 4349 roborei
601 4283 778 4366 cingebant
802 4284 926 4367 oppida
949 4285 1038 4363 valli,

76 4356 233 4408 A
