2632 4718
509 697 729 774 ,47-

591 905 648 970 ΠΙ.

214 1040 278 1112 Αᾶ
299 1042 464 1112 Petrum
487 1042 737 1126 Montanum,
760 1043 1039 1132 philosophiae

478 1149 757 1238 professorem.

113 1311 126 1372 1
157 1309 268 1383 Petra,
292 1328 354 1391 per
377 1310 476 1375 Aonii
486 1311 511 1392 ¹)
536 1312 658 1375 montis
683 1314 812 1375 versate
837 1311 983 1388 choreas,

203 1415 329 1498 Accipe
354 1436 441 1498 quae
465 1416 556 1480 tenui
581 1417 729 1480 carmina
753 1419 859 1482 condo
883 1417 967 1481 stilo.

159 1521 365 1596 Pindaricos
390 1522 505 1595 faleor,
530 1525 644 1587 suetus
668 1542 864 1603 percurrere
890 1543 1002 1587 versus

201 1628 263 1692 His
288 1628 521 1711 incompositis
545 1649 613 1692 non
636 1630 768 1711 capiere
793 1629 910 1703 modis,

110 1738 129 1798 5
157 1734 199 1797 Et
222 1734 275 1799 cui
300 1736 390 1800 Naso
415 1736 524 1800 fluens
548 1736 660 1816 placet
684 1738 888 1817 argutusque
913 1736 1078 1815 Tibullus,

200 1841 324 1906 Nostra
348 1841 448 1906 nimis
472 1844 619 1908 stridens
644 1863 709 1907 non
734 1842 837 1924 elegia
861 1847 966 1908 sonat.

157 1947 223 2011 Sed
247 1948 423 2021 modicum,
448 1969 585 2031 quaeso,
610 1968 676 2012 non
700 1968 879 2030 aspernere
903 1953 1044 2030 poetam,

202 2055 345 2132 Quando
369 2075 496 2120 memor
519 2054 629 2120 meriti
654 2055 773 2119 nititur
797 2075 871 2119 esso
896 2057 956 2119 tui.

159 2161 287 2225 Pendet
310 2162 353 2226 ad
375 2161 550 2226 arbitrium
576 2163 727 2227 lorluuae
749 2161 871 2224 mobile
895 2162 1022 2243 vulgus,

91 2269 134 2329 le
203 2266 352 2350 Erigitur
376 2268 484 2344 laetis
507 2269 660 2333 tristibus
684 2267 893 2350 opprimitur.

154 2372 261 2437 Gestit
287 2377 320 2437 el
344 2375 471 2440 exultat
496 2375 646 2445 nimium,
671 2373 698 2437 si
722 2393 883 2456 prospera
907 2375 1018 2447 sontii,

200 2479 341 2547 Casibus
365 2481 514 2545 adversis
538 2480 775 2564 praecipitatur
798 2479 900 2543 humi.

157 2585 335 2667 Corporeis
359 2586 465 2651 oculis
488 2589 617 2652 lantum
641 2586 835 2670 praesentia
858 2585 966 2649 ceruit

200 2693 397 2775 Prospicere
421 2694 464 2759 ad
488 2714 586 2758 caeca
609 2696 722 2757 mente
747 2693 856 2757 futura
880 2692 1005 2774 nequii.

90 2801 131 2862 15
159 2798 341 2864 Commoda
353 2802 473 2883 sponte
486 2799 578 2883 fugit,
592 2820 678 2882 quac
695 2801 773 2863 sunl
789 2800 998 2864 incommoda
1014 2799 1154 2880 quaerit,

200 2905 244 2968 Ui
268 2905 440 2990 dolopes,
466 2908 637 2972 domiuum
662 2906 757 2987 plebs
781 2905 961 2969 furibunda
985 2909 1088 2987 rogat.

155 3009 200 3074 Ar
223 3030 298 3076 cum
324 3012 468 3087 divitias,
493 3013 626 3095 plenam
651 3031 725 3075 cum
751 3011 899 3095 possidet
922 3032 1042 3087 arcam,

199 3117 389 3183 Contemnit
413 3138 553 3201 superos
578 3139 639 3183 nec
663 3119 743 3182 colit
766 3137 840 3181 asse
865 3118 975 3180 deum.

156 3223 272 3288 Ferlur
295 3223 329 3288 in
353 3245 450 3291 omne
474 3226 583 3289 scelus
608 3243 777 3307 praeceps,
802 3224 837 3286 iu
862 3223 973 3305 turpia
996 3227 1081 3295 rota.

88 3332 131 3393 20
200 3330 405 3413 Obloquitur
428 3332 561 3414 linguis,
585 3329 781 3413 insipienter
805 3329 882 3410 agit.

155 3437 322 3519 Ingenuas
346 3438 443 3504 docto
467 3437 627 3520 quoniam
651 3435 878 3519 complecteris
903 3438 991 3499 artes

200 3543 317 3618 Corde,
343 3545 463 3609 decora
487 3564 600 3609 sacrae
626 3543 781 3608 Pallados
805 3561 897 3606 arma
921 3542 1043 3619 colens,

157 3650 200 3715 Et
223 3649 327 3715 sentis
352 3651 457 3728 aliter,
481 3671 582 3733 quam
608 3652 740 3716 foedum
762 3649 888 3731 vulgus
913 3651 945 3711 ei
968 3668 1053 3725 oras,

200 3757 244 3821 Ut
268 3758 352 3822 deus
375 3757 524 3822 illustres
549 3757 696 3840 pectoris
720 3758 831 3821 auctet
855 3774 945 3837 opes.

90 3865 132 3926 25
157 3862 232 3927 Non
257 3865 346 3929 bona
370 3866 544 3947 perpetua,
568 3884 653 3946 quae
677 3867 756 3927 sunl
780 3861 963 3945 popularia,
988 3880 1103 3925 censes

199 3970 432 4054 Fortunaeque
456 3971 531 4053 iugo
555 3973 651 4054 turpe
676 3971 812 4034 subesse
836 3971 944 4050 putas.

157 4075 263 4152 Nosti,
287 4078 377 4160 quod
401 4097 562 4159 superum
588 4097 645 4140 rex
669 4075 939 4140 servantissimus
963 4073 1061 4155 aequi

199 4182 263 4248 Hic
286 4184 366 4248 velit
390 4184 513 4249 electos
537 4203 656 4265 aspera
679 4183 785 4246 multa
809 4181 889 4263 pali,

156 4288 202 4355 Ut
225 4290 273 4354 sic
298 4308 480 4371 augescens
503 4291 610 4353 uirtus
634 4288 764 4353 sincera
787 4289 957 4369 probetur,
