2632 4718
545 724 772 791 ..36-

235 1008 493 1091 disseremus*);
529 1006 676 1072 secundo
704 1006 747 1071 de
784 1008 940 1076 illarum
981 1011 1176 1097 compositione

235 1116 256 1177 i.
280 1114 516 1179 enunciationc
549 1114 770 1195 consequenti
808 1116 947 1183 ordine
988 1122 1179 1185 decernemus:

235 1240 321 1301 quae
337 1220 505 1301 quomodo
528 1218 725 1301 colligantur
740 1222 777 1283 et
793 1240 885 1289 vero
904 1226 1106 1307 syllogismo
1122 1224 1181 1287 cleu·

235 1328 369 1401 dnntur,
403 1326 522 1389 tertius
557 1324 640 1389 libor
672 1325 845 1391 ostendet.
898 1330 1081 1409 Quoniam
1107 1332 1183 1395 auten

235 1433 268 1494 in
306 1431 459 1495 discursu
495 1430 569 1513 ipso
605 1429 690 1495 ratio
724 1448 996 1513 saepenumero
1035 1436 1182 1504 saltitaret

235 1557 313 1601 rera
341 1556 402 1619 pro
433 1536 527 1601 salsis
557 1536 802 1601 hallucinantes
827 1539 1074 1617 desumimus,
1103 1542 1184 1627 quinte

242 1644 282 1707 de
317 1642 400 1707 salsa
435 1642 687 1709 ratiocinatione
720 1641 990 1724 disputabimus
1028 1654 1064 1715 et
1097 1648 1185 1733 quibu

148 1752 190 1814 70
236 1749 357 1831 regulis
381 1769 497 1813 rerum
520 1750 775 1829 cognoscereet
798 1750 844 1813 ab
869 1772 1000 1821 errore
1027 1758 1186 1823 discernere

235 1854 403 1937 possimus
426 1874 488 1939 pro
511 1854 598 1919 virili
621 1854 899 1923 monstrabimus.
949 1862 1058 1928 Vale!

234 922 346 967 rernm
370 900 513 983 simplici
529 900 745 983 vocibusque,
763 902 908 985 quibus
934 926 981 971 ea
1002 894 1225 1487 declarantui

607 2048 707 2113 XCII.

125 2192 231 2279 Lege
256 2189 509 2259 corollarium
531 2190 673 2260 Jacobi
688 2188 946 2277 stapulensis
958 2198 998 2279 ¹),
1025 2198 1102 2268 viri
1122 2197 1190 2266 doc

125 2296 269 2366 tissimi
291 2296 687 2384 prudentiamque,
718 2295 828 2383 quod
852 2296 1024 2370 addidit
1033 2306 1087 2391 **)
1110 2322 1190 2373 con·

163 2402 367 2471 mentariis
391 2402 474 2471 suis
502 2402 545 2470 in
572 2402 694 2472 libros
718 2400 948 2474 Aristotelis
976 2408 1031 2477 de
1056 2411 1167 2479 inter·

540 2508 773 2597 pretatione.

605 2688 720 2751 XCIII.

201 2825 439 2915 Rudotphus
461 2827 645 2916 Agricola
666 2827 817 2898 Jacobo
840 2826 1100 2904 Barbiriano.
1113 2840 1137 2921 1)

331 2972 487 3053 Plerique
506 2973 604 3036 ctiam
623 2973 778 3053 loquaces
802 2972 863 3034 lias
887 2974 921 3035 ct
945 2972 1044 3040 inani
1062 2978 1195 3058 strepitu

239 3076 454 3157 crepitantes,
485 3099 568 3160 quem
592 3079 689 3159 rtrlgo
720 3076 897 3141 artesiam
923 3098 1110 3159 vocamus,
1140 3081 1195 3146 sibi

239 3182 408 3247 rirnticant
444 3187 476 3247 et
504 3184 671 3267 perplexis
704 3183 972 3265 disputationum
1004 3190 1197 3271 ambagibus

238 3290 289 3352 vcl
315 3289 414 3353 <niam
449 3290 503 3371 (ut
531 3291 641 3353 verius
673 3290 795 3373 (licam)
830 3290 1083 3371 aertigrnatibus
1116 3297 1195 3359 (liem

174 3396 191 3455 ἴ
241 3397 363 3458 terunt.
401 3398 495 3473 (lenae
518 3399 566 3460 iot
592 3397 658 3461 iam
674 3396 818 3461 saeculis
842 3396 972 3459 nullum
996 3398 1194 3464 invenerunt

240 3502 458 3584 Oedipodem,
490 3505 547 3585 qui
572 3524 611 3567 ca
637 3505 790 3577 solveret,
822 3522 883 3566 nec
912 3503 1096 3571 inventurn
1125 3512 1195 3571 sunt

240 3628 408 3689 uinquam.
472 3609 532 3673 llis
571 3610 710 3673 miseras
754 3608 1019 3675 aelolescentium
1060 3616 1194 3677 unierunt

239 3734 348 3787 ntrrcs,
372 3716 455 3779 llaec
484 3717 627 3780 subinde
655 3716 812 3794 ingerunt
844 3714 1086 3799 inculcantquc
1110 3724 1142 3782 ct
1164 3718 1195 3780 in

241 3820 412 3901 plerisque
429 3822 601 3887 meliorem
626 3823 749 3904 ingemi
774 3842 868 3903 spem
892 3823 994 3903 atquc
1011 3823 1141 3905 frugem
1164 3824 1196 3886 in

239 3928 463 3991 tenerioribus
488 3930 598 3992 adbuc
622 3929 718 3992 arinis
745 3929 832 3991 velut
856 3926 891 3990 in
915 3928 1023 3992 herba
1048 3934 1193 3995 enecant.

239 4032 354 4096 Laudo
378 4054 434 4097 eas
458 4054 573 4098 (riennes
598 4038 727 4111 lauricii,
757 4035 833 4117 plus
862 4037 955 4098 certe
987 4035 1194 4113 laudaturus,

239 4140 266 4201 si
291 4140 379 4202 recte
404 4140 589 4222 ordineque
613 4144 847 4206 tractarentur.

216 4314 240 4379 *t
262 4315 295 4367 ll:
316 4316 483 4369 disserimus
503 4346 535 4353 -
552 4316 596 4375 “t
613 4318 649 4366 lt·-
667 4318 754 4366 reditu.
