2632 4718
550 572 769 636 ..20-

216 747 309 826 Quae
333 746 436 812 clausi
462 748 575 828 fontis
600 748 731 813 clausae
755 768 841 831 quae
865 747 972 831 gratia
994 747 1167 831 gemmae?

259 873 452 939 Thesaurus
477 873 556 956 quid
581 872 672 937 humi
698 875 806 938 tectus
830 874 965 939 honoris
989 873 1113 940 habet?

215 997 322 1064 Omne
345 998 471 1063 honum
492 1000 586 1063 tanto
609 998 722 1081 potius
745 998 1057 1083 praestabiliusque‚

125 1127 162 1209 8)
257 1123 424 1190 Diffusum
447 1128 574 1206 quanto
597 1125 697 1190 latius
720 1125 863 1190 emicuit.

214 1249 278 1327 Qui
304 1250 399 1315 docet
423 1250 585 1330 indoctos
609 1249 716 1314 caecis
740 1249 796 1332 qui
821 1249 948 1315 lumina
972 1250 1112 1329 confert,

258 1374 291 1438 Is
315 1379 404 1439 recte
428 1373 563 1458 sapiens
587 1375 694 1439 utitur
718 1378 790 1439 arte
815 1394 884 1439 sua.

627 1696 684 1760 111.

327 1873 450 1944 Bonis
473 1873 626 1943 artibus
648 1872 893 1988 studeodum
916 1877 986 1943 est.

259 2055 294 2119 Si
319 2053 414 2137 cupis
437 2074 516 2118 vere
539 2052 610 2118 fieri
635 2054 764 2132 beatus

261 2179 376 2244 Rebus
400 2180 544 2244 externis
568 2178 697 2242 inhiare
722 2178 800 2257 noli,

259 2306 351 2383 Quas
375 2308 460 2370 rotat
483 2324 614 2387 semper
637 2304 798 2386 varioque
823 2304 941 2369 miscet

298 2430 413 2495 Nortia
423 2430 449 2515 ¹)
472 2450 560 2494 casu.

259 2556 354 2620 Unde
379 2556 481 2638 caligo
505 2557 731 2638 tenebraeque
756 2556 868 2634 menti,

259 2680 356 2759 Quod
380 2681 562 2764 voluptatis
585 2680 681 2745 facile
705 2681 892 2763 implicatur

259 2805 417 2884 VinculiS,
442 2805 516 2870 duri
540 2807 671 2889 patiens
696 2806 819 2870 laboris

297 2931 432 3014 Neglige
457 2950 587 3013 corpus.

259 3057 331 3134 Quo
357 3056 410 3121 dei
435 3055 495 3120 fras
519 3056 647 3135 similis,
671 3059 801 3122 colatur

258 3181 390 3246 Artium
415 3182 506 3246 cultu
530 3181 590 3245 ribi
615 3182 745 3245 liberali

259 3308 381 3372 Pectus
405 3310 437 3371 et
462 3307 539 3371 lima
564 3308 645 3371 rude
669 3307 863 3390 disciplinae

297 3432 361 3497 Cor
385 3432 539 3515 poliatur.

260 3558 303 3622 Ut
326 3559 422 3622 bouis
447 3556 554 3638 primo
579 3556 696 3621 studiis
721 3557 762 3621 ab
787 3577 868 3620 aero

259 3683 383 3746 Sedulo
408 3701 580 3747 assuescas
604 3682 679 3765 pius
702 3683 885 3765 optimique

259 3807 374 3872 Cultor
398 3809 519 3872 evadas
543 3809 659 3889 patriS,
685 3809 852 3872 eruditum

294 3933 426 4010 Quaere
450 3935 651 4016 magistrum.

258 4058 416 4141 Corporis
440 4061 532 4125 dotes
557 4059 676 4124 minuit
699 4062 862 4137 senectus

257 4183 386 4249 Aurum
410 4187 442 4248 et
466 4189 639 4266 argentum
663 4188 837 4269 nequeunt
860 4186 974 4250 iurare
