2632 4718
632 555 852 620 ,96-

710 838 781 904 XII.

582 997 642 1067 De
664 997 907 1087 impudente.

280 1161 347 1239 Qui
372 1161 474 1225 semel
498 1160 613 1225 attrita
636 1159 730 1225 eiecit
754 1159 794 1224 de
817 1159 927 1223 fronte
951 1159 1124 1241 pudorem,

213 1288 249 1370 2)
339 1284 473 1350 Effrons
498 1288 598 1368 atque
620 1305 740 1369 procax
766 1283 915 1367 gnaviter
939 1303 1012 1348 esse
1036 1283 1130 1349 solet.

701 1623 788 1688 Xlll.

211 1802 272 1872 De
293 1800 475 1872 Daedalo
495 1805 536 1871 et
554 1800 678 1871 Icaro.
708 1800 756 1869 In
776 1798 995 1870 audaoulos
1015 1796 1277 1887 professores.

279 1982 396 2065 Magna
419 1982 496 2047 licet
518 1981 618 2047 iactet
640 1982 825 2063 voliteique
848 2000 908 2064 per
930 2000 1008 2045 aera
1031 1977 1145 2063 pinnis

324 2108 445 2186 Icarus,
469 2107 560 2172 haud
583 2108 713 2190 patrem
737 2104 851 2170 vicerit
874 2106 946 2170 arie
970 2124 1077 2174 suum.

282 2231 439 2296 Consiliis
463 2233 570 2297 audax
594 2231 711 2295 nolens
736 2251 852 2312 parere
875 2229 1022 2313 paternis

216 2357 253 2440 4)
327 2356 485 2440 Aequora
508 2358 549 2420 de
574 2356 665 2422 coelo
689 2356 801 2420 forsan
825 2355 859 2419 in
884 2356 950 2420 alia
974 2355 1079 2420 cadet.

282 2484 464 2547 Successus
488 2484 613 2566 primos
637 2481 790 2564 sequitur
814 2482 1015 2563 quandoque
1041 2467 1152 2561 ruina3

326 2608 465 2673 Decidat
488 2609 525 2672 ut
548 2609 689 2690 gravius,
713 2627 813 2690 saepe
837 2608 966 2672 levatur
990 2607 1096 2690 inops.

282 2733 319 2797 In
344 2733 443 2797 rebus
467 2732 607 2797 nimium
631 2732 776 2797 confidat
799 2752 896 2797 nemo
920 2732 1086 2807 secundis,

215 2860 251 2942 8)
327 2858 519 2922 Permuisre
543 2857 608 2923 cito
633 2877 715 2940 quas
738 2857 848 2922 brevis
873 2859 954 2921 hora
978 2859 1100 2940 potest.

284 2983 401 3048 Festus
424 2983 527 3048 habet
550 2983 709 3047 miserum
732 2987 935 3064 ventosaque
959 2982 1063 3064 gloria
1086 2981 1197 3061 finem,

328 3108 365 3170 In
391 3107 477 3171 mala
501 3106 564 3171 fert
587 3107 734 3172 animum
757 3108 847 3172 mille
871 3108 992 3190 cupido
1017 3127 1125 3171 suum.

706 3446 787 3510 XIV.

610 3620 674 3690 Ad
696 3620 884 3692 Gaurum.

285 3801 380 3878 Quod
404 3820 465 3882 pro
492 3801 691 3881 „mentiiu1·“
721 3804 919 3881 „mentitus“
947 3803 1191 3868 restituendum

328 3925 409 3989 Esse
432 3925 467 3990 in
490 3926 643 3992 Romano
654 3927 680 4012 ¹)
703 3927 826 3992 videris
851 3929 922 4011 ipse
946 3929 1037 4010 prior
1061 3965 1100 3974 —-

286 4049 332 4115 Ex
356 4070 409 4114 me
434 4051 524 4134 quod
548 4071 612 4116 non
636 4053 708 4127 hoc,
732 4055 768 4117 ut
791 4054 905 4126 mulia,
930 4052 1101 4136 acceperis
1125 4051 1215 4132 olim,

218 4177 255 4262 4)
330 4175 365 4240 Si
389 4195 456 4241 non
480 4176 642 4258 mentiris,
668 4178 787 4258 Gaure,
811 4179 921 4261 perire
945 4178 1059 4242 velim.

76 4292 163 4368 ἱ
