2632 4718
556 751 775 831 ..31-

149 942 195 1006 30
242 961 350 1024 neque
367 941 463 1024 eopia
479 963 589 1025 neque
601 942 653 1006 ris
670 942 800 1006 dicendi
815 946 914 1024 atque
932 943 1112 1008 acrimonia
1129 944 1197 1007 ulla

241 1069 280 1111 ex
296 1052 391 1131 parte
405 1051 500 1126 desit,
515 1049 571 1130 qui
589 1050 635 1112 ita
652 1050 721 1112 Deo
734 1050 859 1130 optimo
876 1051 1084 1131 niaximoque
1101 1051 1197 1114 blan-

243 1155 304 1218 diri
330 1157 431 1232 novit,
457 1159 493 1219 ut
516 1156 658 1219 inritum
682 1157 781 1219 etiam
807 1158 917 1237 ipsum
946 1175 1120 1238 paeneque
1146 1178 1197 1220 re-

244 1261 404 1325 nitentem
440 1264 525 1326 rotis
559 1263 629 1326 suis
666 1262 822 1326 assentiri
858 1264 1055 1344 compellat?
1116 1265 1197 1328 Post

242 1367 334 1444 haec,
359 1387 434 1431 cum
455 1368 673 1433 maturaverit
690 1371 835 1451 tempus,
854 1373 889 1432 ul
907 1370 948 1432 ad
966 1358 1197 1447 grammaticos

148 1474 193 1536 35
241 1476 393 1537 auctores
432 1477 693 1545 transferantur,
735 1476 893 1556 legendae
940 1477 988 1538 eis
1028 1476 1197 1539 dabuntur

242 1581 421 1644 Parabolae
447 1587 546 1663 (quae
563 1585 610 1644 sic
629 1581 872 1663 inscribuntur)
894 1583 1080 1646 Salomonis
1097 1587 1196 1663 atque

241 1686 494 1749 Ecclesiasticus
519 1708 537 1750 a
561 1689 640 1751 lesu
666 1687 801 1761 sirach,
826 1688 891 1751 alio
918 1688 1081 1765 Hebraeo,
1106 1707 1196 1752 com-

241 1791 379 1873 positus,
393 1792 516 1874 quibus
530 1793 806 1857 administranda
822 1794 936 1874 pueris
952 1793 1084 1856 vivendi
1101 1813 1197 1874 prae-

242 1901 339 1981 cepta
369 1899 665 1980 inlormaudosque
701 1919 815 1962 eorum
851 1920 960 1963 mores
996 1899 1078 1964 nihil
1107 1902 1196 1962 certe

150 2007 194 2068 40
241 2005 354 2085 aptius
393 2005 688 2069 convenientiusre
728 2025 801 2068 esse
840 2008 961 2088 potest,
1000 2007 1196 2086 praesertim
1226 2085 1229 2091 Ι

240 2114 377 2191 propter
405 2112 691 2191 elegantissimum
721 2132 835 2174 eorum
866 2112 1084 2192 interpretem
1116 2111 1197 2173 Hie-

240 2236 423 2298 ronyruum.

595 2376 731 2438 XXXIX.

124 2516 191 2584 Ex
214 2515 384 2603 epistola
414 2515 582 2586 loannis
607 2517 691 2604 Pici
717 2517 968 2585 Mirandulae
997 2517 1050 2585 ad
1077 2517 1196 2586 Joan-

345 2641 439 2690 nem
463 2622 720 2691 Franciscum
744 2628 941 2710 nepotem.
954 2624 978 2701 1)

329 2785 487 2866 Suggeret
504 2788 536 2847 et
559 2804 652 2848 sacra
670 2784 777 2856 lectio
803 2804 901 2864 quam
919 2787 953 2846 ul
973 2783 1106 2847 omissis
1130 2783 1196 2846 iam

240 2890 360 2953 sabulis
386 2892 547 2972 uugisque
572 2894 744 2971 poetarum
769 2911 901 2971 semper
918 2891 1041 2952 trabeas
1066 2889 1098 2951 iu
1124 2909 1194 2951 rua-

240 2995 349 3073 nibus‚
377 2997 476 3060 etiarn
502 3001 602 3077 atque
620 2997 718 3059 eliam
745 3017 831 3076 rogo.
869 2995 957 3058 Nilril
976 2996 1038 3058 deo
1058 2996 1195 3076 gratius

240 3102 323 3165 uiuit
349 3102 463 3165 utilius
490 3102 597 3165 iacere
621 3105 728 3183 potes,
753 3122 853 3182 qrrruu
878 3102 904 3163 si
931 3122 995 3163 nou
1015 3103 1196 3165 cessaveris

172 3250 179 3264 .
241 3207 368 3270 litteras
404 3228 515 3271 sacras
552 3211 714 3271 nocturna
752 3229 883 3270 versare
913 3226 1032 3275 mauu,
1066 3227 1197 3270 uersare

242 3313 370 3377 diurna.
412 3313 508 3376 Latet
532 3314 619 3376 euim
645 3314 677 3376 iu
704 3313 769 3376 illis
786 3313 937 3376 coelestis
955 3313 1004 3375 ris
1022 3314 1197 3394 quaedam,

241 3420 314 3482 riva
346 3425 379 3482 et
413 3419 543 3493 estlear,
568 3441 652 3501 quae
683 3421 823 3501 legentis
855 3421 1000 3482 animum
1030 3419 1074 3501 (si
1099 3420 1197 3483 modo

242 3526 315 3589 illas
344 3546 428 3609 pure
458 3527 695 3607 humiliterque
731 3526 938 3609 tractaverit)
974 3526 1008 3587 iu
1045 3525 1196 3588 diuinum

239 3653 385 3705 amorem
422 3632 564 3695 mirabili
596 3634 738 3713 quadarn
771 3636 936 3714 potestate
969 3632 1194 3695 transformat.

632 3846 699 3907 Xli.

458 3967 519 4033 Ex
543 3966 621 4036 alia
644 3967 868 4044 eiusdem.¹r

330 4128 465 4190 Interim
513 4127 615 4190 saeris
656 4128 775 4190 litteris
816 4128 903 4189 iusta
948 4126 1196 4207 praecipueque

242 4233 459 4314 Evangelicae
484 4233 628 4311 lectioui,
659 4234 748 4315 quod
773 4233 920 4295 animum
948 4231 1129 4295 identidem
1153 4231 1196 4294 ad

242 4339 341 4402 deum
370 4339 528 4417 adducat,
558 4358 657 4419 quem
686 4338 762 4400 iude
794 4339 957 4401 abducere
986 4339 1019 4399 et
1049 4337 1195 4399 mundus
