2632 4718
67 4356 126 4400 h.

613 713 810 778 ..4-

362 889 464 954 Sacro
489 887 626 954 Castalii
650 889 779 972 liquore
803 890 915 970 fontiS,

307 996 327 1060 5
364 995 446 1076 Ηοε,
470 1016 606 1078 quaeso,
629 998 759 1078 tenues,
784 996 901 1078 amice,
924 1016 1041 1062 versus

364 1102 512 1167 Incultos
535 1102 634 1168 nimis
658 1106 693 1167 et
715 1122 835 1188 parum
858 1103 991 1186 politos,

364 1207 456 1286 Quos
479 1209 559 1274 olim
582 1210 789 1292 gravioribus
812 1210 981 1276 Minervae

364 1316 525 1380 bassatus
549 1316 669 1381 studiis
692 1317 913 1402 molestiaque

367 1422 493 1503 Insigni
516 1421 697 1488 trivialium
722 1424 874 1488 laborum

288 1529 330 1591 10
365 1528 458 1591 Inter
481 1528 672 1612 multiiugas
696 1529 839 1594 subinde
863 1548 961 1594 curas

363 1632 484 1712 Effudi,
509 1634 620 1700 revide
643 1635 768 1718 pioque
792 1635 889 1700 limae

368 1741 439 1805 Usu
463 1741 618 1806 sordibus
641 1741 796 1807 omnibus
820 1761 973 1826 repurga‚

366 1846 417 1910 Ne
440 1867 516 1911 mox
539 1846 575 1912 in
598 1847 736 1912 miseros
760 1847 846 1913 liber
869 1849 1017 1913 cucullos

366 1952 526 2036 Diruptus
549 1953 644 2037 piper
667 1955 802 2036 obtegat
826 1975 1012 2033 crocumre‚

293 2060 334 2123 15
370 2060 437 2125 Sed
461 2061 586 2125 crebris
610 2061 766 2126 manibus
789 2062 1064 2128 scholasticorum

367 2167 526 2231 Versetur
549 2167 653 2249 magis
677 2171 711 2232 et
734 2169 821 2232 viam
846 2170 1006 2251 probatae

367 2272 516 2337 Iucundo
542 2274 659 2339 doceat
681 2293 800 2340 canore
825 2276 920 2340 vitae.

193 2641 422 2714 clarissimo
445 2643 529 2713 viro
551 2642 766 2732 Rudolpho
794 2643 960 2732 Langio,
990 2662 1170 2713 summae
1195 2663 1255 2713 eo·

189 2749 333 2820 etesiae
356 2749 686 2820 Monasteriensis
710 2750 905 2820 canonico
936 2754 976 2819 et
1000 2750 1124 2819 veteri
1146 2769 1258 2838 prae·

186 2854 336 2944 posito,
359 2856 442 2927 vati
463 2856 732 2945 undecunque
758 2857 991 2927 doctissimo
1016 2855 1259 2946 dominoque

187 2981 261 3032 suo
294 2962 488 3050 imprimis
516 2962 770 3045 honorando,
800 2962 977 3033 loannes
1009 2961 1258 3032 Murmellius

386 3068 728 3139 Ruremundensis
751 3069 923 3138 salutem
947 3069 1053 3138 dicit.

278 3231 362 3295 Cum
387 3230 535 3295 animum
558 3249 669 3294 meum
693 3232 764 3294 tum
783 3230 989 3295 scholasticis
1013 3230 1163 3313 negotiis
1189 3235 1257 3295 tum

189 3338 398 3419 gravioribus
429 3336 548 3401 studiis
582 3336 769 3401 districtum
805 3335 951 3401 iucunda
985 3336 1109 3418 poetici
1141 3339 1259 3401 cantus

190 3445 400 3508 dulcitudine
426 3444 574 3509 relaxare
598 3443 737 3522 niterer,
768 3442 902 3525 proludi
926 3443 1070 3525 elegiaca
1094 3426 1259 3525 qiaedam

191 3550 370 3614 subsicivis
393 3549 601 3631 temporibus
625 3549 783 3629 earmina,
808 3550 950 3632 quaein
975 3553 1133 3632 quattuor
1156 3549 1259 3614 libros

191 3657 345 3738 digestim
381 3657 543 3739 separavi.
601 3654 639 3718 ln
675 3675 817 3737 quorum
855 3655 963 3738 primo
1004 3659 1135 3720 nostrae
1174 3654 1259 3719 vitae

191 3763 391 3827 illaetabiles
422 3761 516 3842 attigi
545 3761 712 3842 miseriae,
745 3762 892 3827 secundo
924 3763 1090 3825 humanae
1119 3765 1260 3825 naturae

193 3868 386 3950 dignitatem
410 3887 448 3932 ac
471 3868 711 3949 praestantiam
728 3872 899 3950 utcunque
923 3869 1035 3944 extuli,
1058 3869 1160 3932 tertio
1178 3869 1260 3931 duo-

191 3974 297 4038 decim
322 3973 506 4057 spiritualis
530 3993 659 4056 pugnae
677 3996 769 4039 arma
793 3975 834 4039 ab
851 3975 978 4038 loanne
996 3973 1074 4038 Pico
1089 3974 1111 4051 ι)
1136 3974 1259 4039 tradita

191 4082 386 4159 memoravi,
417 4083 537 4164 quarto
569 4081 712 4164 denique
743 4082 784 4145 de
812 4081 995 4146 virtutibus
1027 4101 1065 4145 ao
1096 4082 1260 4145 bonorum

191 4186 258 4251 fine
281 4187 405 4250 cursim
429 4188 598 4252 admonui.
636 4189 707 4251 Hos
732 4190 843 4252 autem
869 4189 970 4253 libros
994 4188 1066 4268 tibi,
1091 4188 1140 4251 vir
1163 4207 1261 4270 prae-

192 4293 398 4358 stantissime
421 4297 455 4358 et
480 4292 612 4358 domine
641 4293 805 4376 imprimis
829 4295 1052 4373 observande,
1087 4313 1260 4376 nuncupa·
