2632 4718
522 727 739 791 „ffl-

94 904 141 965 60
211 903 249 966 ln
274 904 342 966 toto
366 920 532 984 nusquam
557 922 695 986 corpore
719 922 840 985 corpus
866 903 977 967 babet.

165 1008 212 1072 At
235 1027 410 1088 procerum
435 1008 544 1073 rabies
570 1012 710 1073 nonest
733 1009 894 1073 satiabilis
919 1009 987 1074 ullo

212 1115 391 1199 Sanguine,
416 1115 525 1180 vitalis
549 1116 627 1179 dum
653 1118 767 1179 manet
791 1135 871 1180 aura
894 1114 974 1179 viro.

167 1221 324 1304 Undique
348 1222 521 1287 decertant
543 1221 627 1286 odiis
650 1222 851 1304 plebemque
875 1222 1071 1302 subornant,

211 1328 334 1410 Erepto
359 1328 482 1393 Christi
509 1329 576 1393 lala
601 1328 729 1392 latrone
753 1332 856 1410 petat.

94 1435 140 1498 65
168 1433 361 1499 Horrendus
383 1434 512 1518 pariter
533 1435 657 1499 tollunt
681 1435 723 1499 ad
746 1434 856 1499 sideru
879 1454 993 1499 vocesz

218 1540 276 1620 „ln
299 1559 399 1606 cruce
422 1539 541 1624 figatur
564 1540 652 1606 itlius
675 1541 731 1606 ille
754 1540 873 1605 fabri!“

168 1645 252 1711 Ecce
276 1647 365 1730 gravi
391 1667 527 1730 pressus
552 1647 630 1729 ligni
655 1648 718 1712 sub
742 1648 829 1712 mole
853 1646 960 1712 viator

212 1752 388 1819 Coelorum
412 1757 544 1836 turpem
568 1754 697 1837 cogitur
720 1752 768 1818 ire
793 1753 890 1817 viam.

167 1858 225 1922 Est
249 1859 348 1935 locus,
374 1860 525 1925 exomni
551 1859 682 1925 medius
706 1859 764 1941 qui
789 1857 936 1922 creditur
959 1859 1049 1936 orbe,

97 1966 144 2028 70
211 1965 318 2042 Quem
340 1965 540 2030 Iudaeorum
563 1967 723 2048 Golgatha
747 1966 860 2048 lingua
883 1967 989 2029 vocat.

168 2070 231 2134 Hic
253 2071 365 2148 subiit,
390 2077 527 2155 saeptus
552 2072 730 2138 hincinde
755 2072 949 2143 latronibus,
974 2092 1081 2154 aegre,

211 2177 249 2241 In
275 2179 386 2243 medio
411 2199 553 2261 quorum
576 2179 696 2244 celsius
720 2179 866 2262 erigitur.

168 2283 326 2365 Expassis
350 2285 487 2354 nimium
512 2286 668 2350 manibus
691 2285 901 2368 pedibusque
924 2284 1096 2367 pependit,

214 2390 380 2455 Ludibriis
405 2393 516 2456 nullus
540 2391 604 2456 iam
629 2411 763 2474 quoqne
786 2391 863 2455 finis
886 2394 968 2455 erat.

98 2500 141 2561 75
167 2496 249 2574 Quis
273 2496 345 2575 tibi,
369 2499 459 2580 virgo
483 2517 616 2580 parens,
641 2497 806 2581 spectanti
831 2498 911 2562 talia
934 2497 1074 2561 sensus?

211 2603 342 2680 Quidve
366 2604 467 2668 animi
491 2607 569 2669 nato
594 2603 642 2667 sie
666 2605 814 2684 patiente
838 2603 920 2668 tuo?

168 2709 309 2776 Discidit
332 2712 513 2792 ingenuum
536 2712 655 2793 peetus
679 2711 729 2774 vis
754 2729 882 2774 summa
907 2709 1067 2783 dolorum,

211 2817 239 2880 O
263 2818 372 2899 pietas
397 2817 498 2881 nullis
522 2817 748 2881 enumeranda
771 2816 892 2880 modis!

167 2922 311 2986 Pensilis
335 2923 369 2986 in
395 2922 483 3005 ligno
506 2941 567 3004 pro
591 2921 835 2989 confectoribus
859 2925 941 2996 orat,

99 3031 142 3093 80
212 3027 394 3093 Confessus
418 3027 539 3093 meruit
562 3028 682 3111 gaudia
705 3047 784 3091 vera
808 3028 900 3091 latro.

168 3134 267 3198 Fellis
290 3135 442 3199 amaritie
467 3135 606 3199 mixtum
630 3133 823 3199 sitibundus
846 3136 985 3203 acetum.

210 3240 279 3303 Nos
303 3240 422 3304 sitiens
446 3241 521 3304 imis
545 3239 709 3320 sensibus
733 3259 790 3303 ore
815 3239 908 3303 bibit.

166 3345 249 3409 Cum
273 3345 479 3428 perfecisset,
504 3345 669 3429 quidquid
692 3346 841 3411 cecinere
865 3347 1059 3428 prophetae,

210 3452 347 3534 Spiritui
372 3471 538 3517 summum
561 3451 659 3516 iussit
682 3452 774 3517 adire
798 3455 937 3535 patrem.

99 3559 141 3622 85
166 3557 316 3622 Exanimi
340 3559 435 3623 ssuxit
460 3560 500 3623 de
525 3577 664 3640 corpore
688 3561 824 3641 sanguis
848 3564 881 3623 et
904 3559 1002 3633 unda,

210 3663 313 3728 Milite
337 3668 503 3729 sacratum
528 3665 769 3730 transfodiente
793 3666 888 3729 latus.

166 3771 194 3835 O
219 3771 325 3834 crucis
349 3770 490 3836 eximiae
514 3790 645 3854 semper
669 3770 870 3835 venerabilis
894 3791 961 3843 ara,

209 3876 284 3954 Qua
307 3877 427 3941 cecidit
451 3879 536 3960 patri
561 3877 695 3942 victima
718 3879 811 3958 grata
836 3876 912 3954 de03

164 3982 315 4064 Victima,
340 4003 426 4066 quae
443 3984 605 4049 domitum
622 3983 781 4048 demersit
805 3984 839 4047 in
863 3982 996 4066 ignibus
1020 3983 1162 4059 hostem,

98 4091 141 4154 90
209 4090 373 4154 Omnibus
399 4091 486 4155 unde
510 4090 601 4155 salus
624 4089 757 4173 vitaque
780 4093 877 4173 parta
901 4089 983 4171 piis!

164 4197 193 4261 0
218 4197 306 4263 dulci
329 4197 438 4261 fructu
463 4217 595 4281 semper
619 4197 795 4263 laudabilis
819 4197 925 4272 arbor,

208 4302 316 4381 Quem
340 4303 493 4386 quisquis
517 4306 638 4386 gustat,
662 4303 777 4368 Attica
800 4303 900 4368 mella
923 4301 1006 4385 fugit
