2632 4718
522 683 741 748 ..71-

579 876 675 941 XVII.

87 1017 156 1086 Ad
179 1016 458 1088 doctissimum
472 1016 610 1099 virum,
637 1019 841 1105 pastorem
869 1017 1059 1087 ecclesiae
1084 1016 1164 1087 divi

173 1123 390 1206 humberti,
413 1122 638 1212 theologica
659 1123 855 1213 insignem
878 1124 1078 1194 facultate.

201 1230 251 1299 In
272 1229 533 1318 praeconium
555 1229 737 1318 publicae
762 1229 1054 1318 disputationis.

115 1397 130 1455 l
160 1390 288 1456 illustri
311 1391 477 1474 probitate
501 1389 572 1454 viro
596 1389 660 1473 dic,
684 1391 788 1465 Musa,
813 1390 965 1466 salutem,

208 1496 377 1561 Lamberti
401 1497 516 1562 niveas
539 1496 598 1578 qui
621 1496 709 1560 bene
732 1497 839 1580 pascit
863 1516 960 1576 oves3

161 1602 229 1681 Qui
254 1623 320 1668 non
344 1601 502 1668 contrivit
525 1601 712 1667 inhonestis
736 1602 864 1667 artibus
888 1622 1008 1667 aerum

208 1708 278 1774 Nec
301 1708 424 1773 Veneri
447 1710 593 1773 mentem
618 1709 832 1789 desidiaeque
857 1707 956 1785 dedit,

114 1818 136 1880 5
162 1816 232 1881 Sed
255 1815 394 1898 sophiae
419 1813 536 1879 studiis
560 1819 720 1898 operatus
743 1816 879 1895 pectore
904 1818 974 1878 toto

208 1921 324 1985 Ardua
347 1919 482 1986 virtutis
506 1939 566 2002 per
588 1921 665 2002 iuga
688 1921 766 1985 fecit
789 1921 870 1999 iter;

162 2028 267 2092 Cuius
291 2028 477 2092 doctrinam
502 2029 635 2091 decorat
660 2028 842 2092 reverenda
865 2030 1022 2091 senectus

207 2132 439 2216 Canitiemque
463 2131 540 2197 facit
562 2152 657 2198 sacra
681 2133 829 2197 Minerva
852 2133 930 2205 coli:

161 2240 268 2318 Quem
281 2239 378 2322 plebs
390 2242 490 2331 atque
499 2243 614 2322 patres
622 2239 749 2322 pariter
756 2244 959 2304 venerantur
970 2243 1158 2322 amantque,

94 2350 137 2411 10
206 2345 403 2428 Suspiciunt
426 2346 515 2411 docti
540 2346 798 2428 suspiciuntque
823 2347 930 2427 probi.

161 2452 238 2517 Non
262 2451 326 2529 hic,
351 2455 390 2516 ut
413 2453 517 2523 multi,
543 2453 716 2518 dialectica
739 2453 867 2535 proelia
891 2452 983 2524 ridet,

198 2558 274 2623 'Sed
299 2559 401 2623 ductu
424 2578 585 2640 praesens
608 2562 772 2640 temperat
795 2559 851 2623 illa
875 2580 946 2624 suo.

161 2668 257 2742 Quae
281 2663 413 2729 iuvenis
437 2665 564 2732 didicit.
588 2666 702 2745 grandi
727 2667 951 2730 communicat
975 2687 1055 2730 acro

206 2770 249 2835 m
272 2770 421 2836 studiosa
446 2773 502 2853 pia
526 2775 663 2854 pectora
687 2773 784 2836 laude
809 2773 907 2836 soret.

94 2882 134 2941 15
161 2876 269 2940 Cedat
291 2877 391 2951 incra,
415 2897 547 2961 semper
570 2879 624 2943 cui
648 2880 754 2942 virtus
778 2880 829 2942 cst
853 2878 975 2947 odiosa.

206 2983 330 3061 Turba,
354 2986 445 3064 potat
468 3003 594 3058 caveas,
620 2985 741 3066 garriat
764 2986 799 3048 in
823 2983 987 3061 tenebri53

163 3092 267 3166 Quae,
292 3089 370 3153 dum
394 3109 461 3155 non
486 3091 585 3155 audet
612 3093 689 3154 noto
712 3111 910 3156 concurrere
935 3091 1048 3163 llario,

206 3194 327 3260 Sibilat
350 3199 383 3260 et
405 3195 520 3260 furtim
544 3200 651 3261 taetra
675 3217 804 3261 venena
827 3200 922 3281 parat

162 3302 274 3384 Atque
299 3303 386 3366 inter
410 3303 566 3383 calathOS,
590 3303 677 3367 inter·
702 3303 876 3368 muliebria
900 3304 955 3369 fila

94 3411 139 3473 20
207 3408 367 3473 Censuris
390 3411 499 3474 tentat
522 3430 657 3491 carpere
682 3430 849 3492 quemque
873 3414 962 3490 suis3

162 3515 254 3592 Quae
278 3514 401 3579 nitidas
425 3514 512 3579 inter
537 3537 668 3580 mensas
693 3520 725 3580 et
750 3518 870 3597 pocula
894 3518 994 3582 iactat

206 3621 384 3686 Democriti
409 3622 590 3707 mund0s1)
614 3624 886 3706 Pythagoraeque
910 3625 1023 3688 salom.

161 3726 269 3803 Quam
293 3728 360 3793 cito
384 3728 532 3804 dediscit,
557 3730 613 3811 qui
638 3750 704 3794 nnn
729 3731 888 3795 exercitat
911 3735 1024 3798 artem,

206 3833 338 3916 Quique
363 3835 420 3900 diu
445 3836 584 3910 steterit,
609 3856 711 3919 quam
735 3838 821 3900 male
846 3837 951 3901 currit
975 3837 1098 3919 equus!

95 3941 136 4002 25
161 3940 373 4022 Mnemosyne
397 3942 534 4024 sophiae
558 3943 716 4023 genetrix,
741 3947 837 4025 pater
861 3962 940 4007 usus
964 3944 1113 4015 habetur,

207 4045 270 4111 Hic
293 4052 429 4130 generat
453 4049 547 4113 dotes
573 4050 702 4124 mentia,
727 4053 760 4113 at
783 4049 840 4114 illa
864 4052 966 4114 tenet.

161 4152 264 4217 Multa
287 4157 398 4236 potest
422 4155 517 4219 nobis
542 4155 672 4237 aperire
696 4155 893 4220 scholastica
917 4174 1036 4239 pugna,

205 4258 328 4326 Abdita
352 4279 448 4342 quae,
474 4261 538 4325 nisi
562 4260 610 4324 sic
635 4260 891 4339 discuterentur,
915 4263 1019 4327 erant.
