2632 4718
602 756 820 820 ,28-

244 936 300 998 Vir
325 934 389 998 fuit
415 934 471 998 ille
495 933 595 997 nimis
618 932 940 1014 temerariusatque
966 935 1124 1014 nepotum
1211 924 1214 930 ’

290 1042 338 1104 De
363 1040 459 1122 langa
484 1038 623 1103 meritus
648 1037 842 1119 posteritate
865 1038 962 1101 mate.

246 1147 352 1212 Caesa
377 1147 438 1211 fuit
463 1143 559 1209 celsis
583 1143 676 1208 abies
700 1143 731 1206 in
759 1142 931 1207 montibus
955 1148 1029 1208 urta

288 1252 468 1335 Insanique
493 1252 593 1316 maris
617 1250 702 1314 ferre
727 1253 841 1313 coacta
865 1249 982 1313 minas,

179 1359 217 1421 15
243 1358 406 1422 Paulatim
431 1357 494 1420 sibi
519 1358 681 1421 mercator
705 1375 810 1438 genus
834 1375 931 1419 omne
956 1355 1090 1420 carinae

288 1465 351 1527 Per
375 1462 459 1527 freta
482 1464 689 1533 commentus
712 1461 843 1525 caerula
866 1460 945 1524 fecit
971 1461 1044 1526 iter.

243 1568 437 1651 Explorarit
461 1588 575 1650 aquas
601 1572 718 1632 rentes
742 1571 774 1630 et
799 1566 909 1631 sidera
932 1567 1016 1631 cneii

287 1674 358 1738 Nec
381 1674 444 1738 sibi
468 1674 621 1756 permisit
645 1675 737 1754 pacis
761 1692 882 1737 ararus
906 1693 996 1756 opes.

244 1780 407 1845 Mercibus
432 1783 468 1847 ut
489 1781 590 1845 variis
615 1782 723 1844 terras
747 1798 941 1862 percurrere
966 1781 1085 1862 eoepit,

178 1887 221 1950 20
289 1886 373 1950 Auri
396 1888 447 1952 ris
471 1888 583 1960 crevit,
608 1886 712 1951 crevit
735 1889 767 1949 et
791 1887 863 1949 eius
887 1905 989 1950 amor.

241 1992 334 2069 Quae
358 1994 448 2058 dedit
471 1995 665 2058 inconstans
689 2013 834 2075 aequor,
859 1993 1057 2075 plerumque
1082 1992 1240 2063 resorbet

287 2097 481 2182 Composita
505 2100 588 2165 facie
614 2120 679 2164 uon
705 2099 791 2164 solet
816 2118 889 2161 esse
914 2098 981 2162 diu.

243 2203 318 2267 Non
343 2205 506 2269 modicum
532 2206 640 2280 facies,
665 2207 691 2269 si
718 2225 790 2271 sors
815 2204 1061 2287 subscripserit,
1087 2203 1162 2267 istis

286 2310 479 2387 Quaestum,
505 2331 661 2377 successu
687 2311 853 2394 decipiare
879 2310 988 2374 nriser.

175 2416 217 2478 ⁴25
242 2416 412 2481 illecebris
437 2418 547 2500 capiet
570 2421 603 2482 te
627 2417 693 2481 iarn
717 2417 851 2481 fortuna
876 2419 1067 2499 superbum,

285 2523 351 2586 Sed
377 2543 451 2587 mox
475 2524 642 2595 destituet,
668 2523 876 2604 naufragium
902 2523 1013 2586 facies.

242 2628 317 2692 Non
340 2630 448 2693 solum
473 2631 584 2694 studia
608 2630 771 2712 quidquid
795 2630 975 2694 corraseris
999 2629 1102 2704 omni,

284 2736 407 2799 Verum
432 2736 533 2801 etiarn
557 2736 657 2801 ritam
682 2737 821 2800 subruet
845 2736 934 2799 unda
958 2737 1061 2799 tuam.

241 2840 392 2905 Forsitan
417 2842 497 2905 haee
521 2843 622 2907 surdo
646 2844 796 2907 canimus
832 2862 893 2905 nee
917 2842 1050 2905 eredere
1075 2841 1198 2907 verbis.

176 2948 219 3009 30
286 2946 458 3012 armaris
482 2953 581 3013 rento
605 2949 738 3012 eredere
762 2953 863 3030 teque
888 2948 980 3011 mari.

240 3052 389 3135 Tempus
413 3055 485 3124 erit.
510 3056 644 3136 quando
669 3054 776 3119 Borea
800 3056 940 3119 iactatus
964 3059 996 3118 et
1021 3054 1119 3118 undis

285 3160 430 3241 Optabis
454 3162 582 3225 Musam
608 3181 674 3226 non
700 3161 849 3225 renuisse
874 3181 992 3224 meam.

242 3264 343 3330 Nulla
368 3272 478 3331 manet
502 3268 626 3348 longos
650 3267 865 3349 quantumvis
889 3267 982 3331 firma
1005 3269 1059 3335 sit,
1083 3287 1189 3330 annos

288 3373 425 3454 Puppis,
451 3374 509 3437 alit
533 3373 628 3455 ponti
653 3375 789 3437 numina
812 3375 934 3456 praeda
959 3375 1126 3454 frequens.

176 3479 216 3541 35
243 3479 327 3542 Cum
352 3479 478 3543 laturus
503 3500 599 3561 apem
624 3501 831 3562 properares,
857 3477 1022 3561 Pyrr-nen.
1047 3480 1239 3554 Tarentum,

286 3584 436 3655 Sensisti,
462 3586 543 3650 retis
567 3605 654 3668 qnae
679 3587 720 3650 sit
743 3587 897 3650 habenda
920 3585 1013 3650 fides.

242 3692 328 3755 Saxa
352 3693 586 3773 triumphalem
612 3693 737 3774 fregere
761 3693 931 3775 Caplrarea
957 3693 1104 3766 classem,

288 3798 353 3861 Ars
377 3799 480 3879 patris
504 3798 572 3862 nati
599 3819 673 3863 eum
698 3799 759 3862 fuit
785 3800 854 3863 ulta
878 3798 1038 3877 necemi')

243 3904 409 3968 Paulatim
434 3903 512 3969 soeii
535 3905 663 3987 periere
689 3906 831 3969 delentis
857 3907 987 3982 titissei,

176 4010 218 4074 u)
287 4009 421 4074 Erraret
444 4014 538 4076 vasto
564 4013 642 4075 dum
668 4013 733 4076 duo
760 4013 864 4076 lustra
888 4013 967 4076 salo.

241 4119 327 4181 Sunt
351 4122 384 4182 et
409 4117 548 4198 piratae,
572 4117 629 4199 qui
653 4117 813 4183 infestant
838 4118 985 4201 undique
1011 4121 1126 4182 nautas

285 4223 334 4287 Ac
359 4223 541 4288 latrociniis
565 4224 598 4287 in
623 4224 711 4289 bona
736 4245 888 4308 quaeque
912 4228 1023 4289 rnnnt.

241 4329 276 4395 Si
302 4331 363 4395 tibi
386 4351 450 4414 pan
475 4330 566 4395 cordi
591 4333 652 4410 est,
676 4332 776 4414 patrii
801 4333 846 4396 sis
870 4333 979 4398 cultor·
1003 4331 1110 4414 agelli,
