2632 4718
519 735 734 800 ..67-

208 913 348 976 destris“
376 933 395 977 a
419 912 561 996 pedibus
577 911 736 994 metricis,
759 912 818 976 sed
834 931 895 995 per
910 911 1165 977 translationem

207 1040 226 1083 a
250 1019 436 1101 peditibus,
463 1020 520 1101 qui
551 1019 722 1101 equitibus
748 1018 864 1095 attis,
893 1018 950 1099 qui
984 1037 1085 1083 curru
1108 1039 1165 1083 re-

206 1127 349 1205 huntur,
385 1125 577 1189 humiliores
608 1125 879 1207 indignioresque
910 1127 999 1189 sunt.
1046 1126 1165 1190 Strabo

208 1232 293 1295 libro
318 1231 385 1312 l¹):
412 1231 516 1310 „Cum
534 1251 611 1295 rero
637 1231 842 1313 „pedestris“
869 1230 890 1294 i.
908 1233 1036 1313 absque
1058 1232 1165 1296 metro

207 1337 337 1401 dicatur
361 1336 479 1413 orati0‚
504 1338 539 1401 id
563 1337 770 1415 manifestat,
799 1340 836 1399 ut
860 1335 889 1399 si
913 1337 954 1400 ab
979 1337 1161 1401 excelsiore

210 1444 282 1507 loco
307 1445 341 1506 et
357 1443 511 1507 vehiculo
535 1463 615 1506 sane
632 1443 785 1506 decurrat
801 1442 835 1505 in
856 1444 1026 1524 planum“.
1066 1443 1164 1507 Unde

208 1552 240 1612 et
266 1549 426 1613 Horatius
451 1548 658 1612 insecundo
683 1547 912 1632 sermonum2)
931 1548 1059 1612 Musam
1085 1567 1164 1630 „pe-

208 1656 373 1718 destrem“
400 1659 506 1733 vocat,
532 1675 597 1717 non
615 1655 704 1735 quod
729 1655 870 1735 pedibus
895 1657 973 1734 stet,
997 1656 1035 1718 ut
1053 1654 1165 1720 Acron

208 1761 365 1842 opinatur
396 1761 446 1843 (id
474 1761 562 1824 enim
588 1780 830 1843 supervacuum
857 1760 943 1825 soret
966 1759 1164 1846 epitheton),

208 1868 268 1930 sed
316 1867 430 1929 stilum
471 1867 654 1947 designans
694 1866 853 1930 humilem
892 1865 1109 1948 infimumque
1145 1886 1165 1931 a

207 1973 315 2036 soluto
347 1975 380 2036 et
409 1972 604 2053 quotidiano
637 1992 790 2036 sermone
819 1992 938 2053 parum
970 1973 1162 2053 distantem,

210 2078 318 2160 qualis
343 2083 394 2142 est
418 2080 612 2156 satirarum,
643 2080 730 2143 uude
755 2081 787 2142 ot
812 2098 868 2142 cas
893 2078 1014 2159 partim
1039 2099 1164 2143 :ermo-

207 2205 282 2262 nes,
319 2184 439 2267 partim
477 2184 635 2265 epistolas
672 2184 870 2262 nominavit,
904 2186 994 2265 quod
1027 2187 1061 2248 et
1091 2184 1163 2267 ipse

209 2291 311 2354 aliubi
336 2291 485 2372 apertius
509 2289 681 2372 signifieat,
705 2291 763 2354 ubi
788 2289 887 2371 airu:

638 2397 727 2476 „Nec
751 2416 922 2460 sermones
946 2415 1006 2477 ego
1032 2397 1164 2461 mallem

276 2503 446 2585 Repetens
474 2522 534 2584 per
563 2503 713 2582 humum,
746 2523 846 2584 quam
879 2522 932 2566 res
964 2522 1164 2584 componere

882 2611 1073 2690 gestas,

276 2715 323 2793 si,
348 2718 510 2796 quantum
534 2734 703 2796 cuperem,
728 2734 860 2796 possem
885 2765 892 2779 .
918 2768 926 2777 .
952 2720 987 2777 .“

581 2945 675 3008 LXX.

208 3083 337 3170 Super
360 3088 530 3153 accentu
553 3084 773 3154 dictionum
797 3085 1053 3155 abscisorum.

297 3246 336 3308 ln
367 3246 579 3310 moderandis
608 3249 745 3310 accentu
778 3246 979 3310 dictionibus
1010 3247 1163 3329 plerique

206 3351 303 3433 rulgo
329 3352 497 3429 labuntur,
522 3352 663 3417 maxime
688 3353 722 3416 in
748 3353 798 3431 iis,
823 3373 909 3435 quae
935 3354 986 3417 rel
1011 3372 1070 3434 per
1087 3373 1164 3435 syn-

207 3476 314 3539 copen
346 3459 396 3521 rel
426 3478 486 3539 per
517 3478 691 3542 apocopen
727 3462 954 3541 proferuntur.
1004 3459 1160 3538 „Audiir‘

209 3563 297 3627 enim
335 3565 573 3646 pronuntiatur
611 3567 720 3648 prima
759 3566 886 3643 syllaba
925 3568 1040 3642 acuta,
1087 3585 1163 3628 cum

207 3670 315 3734 media
331 3670 547 3736 circumflecti
573 3673 693 3736 debeat
717 3692 755 3735 ex
773 3672 963 3755 praeceptis
984 3670 1163 3735 illustrium

206 3775 504 3857 grammaticorum.
533 3778 718 3860 „Arpinas“
738 3779 847 3841 media
864 3776 1040 3860 proferunt
1055 3781 1163 3858 acuta,

207 3901 281 3945 eum
320 3883 392 3947 eius
431 3884 586 3948 dictionis
622 3884 737 3949 ultima
776 3885 1070 3949 circumflectenda
1109 3885 1162 3948 sit.

207 3988 342 4052 Servius
378 3990 412 4052 in
441 3989 659 4055 XAeneidos
692 3989 965 4072 commentario¹)
1000 3990 1089 4054 huno
1128 3991 1163 4054 in

207 4095 342 4158 modum
368 4095 500 4160 scribit:
527 4096 684 4175 „Constat
709 4096 876 4160 mutilatas
900 4099 1016 4176 partes
1040 4097 1164 4162 oratio-

121 4200 162 4263 10
209 4201 262 4263 nis
280 4203 455 4264 accentum
479 4203 514 4265 in
531 4204 647 4267 eodem
671 4203 744 4268 loco
762 4202 897 4281 habere,
920 4203 1039 4284 inquo
1064 4202 1164 4267 etiam

139 4324 144 4332 ·
208 4304 355 4388 integrae
385 4309 605 4374 lrabuerunt.“
660 4311 853 4374 Priscianus
886 4307 921 4372 in
950 4308 1093 4391 septimo
1122 4310 1163 4374 de

948 4416 991 4480 5*
