2632 4718
540 558 760 628 ..25-

210 737 325 807 lacius.
341 738 486 805 filiorum
499 760 588 807 vero.
612 742 734 824 quibus
753 759 810 807 eas
828 739 1035 824 relinquetis,
1054 740 1181 806 nullam

210 866 288 912 sane
311 866 427 913 curam
451 847 620 931 suscipitis
630 848 665 913 t“
692 849 796 914 Divus
820 849 899 913 item
924 846 1181 934 Hieronymusi)

210 954 251 1018 ad
281 954 451 1020 Salvinam
486 955 650 1020 scribens:
692 955 788 1036 „Non
819 959 870 1020 est
901 954 1026 1038 parvi‘,
1061 954 1181 1037 inquit,

210 1061 318 1144 „apud
341 1061 443 1126 deum
467 1062 585 1135 meriti,
609 1063 694 1127 bene
717 1061 803 1127 filios
820 1062 992 1127 educare.“
1019 1062 1181 1140 Quocirca

211 1187 277 1232 non
300 1186 421 1250 parum
445 1168 624 1233 laudantur
641 1169 905 1238 Lacedaemonii,
929 1169 987 1251 qui
1003 1168 1180 1251 plurimam

211 1275 296 1339 circa
313 1293 434 1356 pueros
448 1275 651 1358 diligentiam
665 1276 831 1341 iaciebant
844 1280 876 1340 et
890 1276 1024 1358 quidem
1036 1275 1179 1359 publice.

212 1383 275 1445 Vos
299 1401 453 1464 quoque,
478 1382 652 1462 Germani,
684 1383 745 1447 viri
768 1382 953 1460 fortissimi,
989 1383 1017 1446 si
1047 1383 1180 1447 laudem

211 1490 382 1571 quaeritis
403 1489 432 1553 si
448 1489 628 1554 liberorum
645 1490 829 1573 profectum
847 1489 974 1561 amatis,
991 1489 1018 1553 si
1037 1490 1180 1572 denique

150 1597 165 1611 '
210 1599 243 1659 et
273 1600 418 1661 vestram
449 1600 482 1660 et
513 1616 627 1661 eorum
658 1596 851 1662 felicitatem
880 1596 1053 1678 expetitis,
1082 1615 1180 1678 prae-

211 1705 363 1785 ceptores
399 1703 657 1768 humanissimos
693 1703 824 1787 deligito
863 1708 895 1767 et
936 1702 1019 1767 tilios
1053 1706 1181 1767 vestros

211 1809 347 1893 optimis
364 1811 492 1874 artibus
513 1810 737 1876 instituendos
754 1811 870 1875 sedulo
887 1813 1010 1885 curate,
1034 1810 1180 1892 dumque

211 1917 260 1980 eis
282 1936 344 1999 per
367 1919 510 1981 aetatem
532 1918 615 1982 haec
639 1920 753 1983 nostra
782 1918 823 1981 de
851 1917 921 1981 suis
945 1916 1062 1981 officiis
1086 1936 1182 1998 prae-

211 2025 326 2105 cepta,
358 2042 443 2089 nora
473 2024 667 2089 inventione
697 2026 796 2106 atque
819 2023 934 2089 ordine
958 2043 1024 2088 non
1048 2023 1182 2088 omnino

126 2130 168 2195 lu
207 2129 361 2212 imperite
386 2130 590 2213 conscripta,
619 2132 769 2212 accipere
799 2132 982 2209 nonlicet,
1013 2130 1086 2212 ipse
1108 2129 1181 2194 illos

211 2237 254 2301 ad
278 2256 372 2301 sacra
396 2237 582 2301 litterarum
612 2239 723 2303 studia
751 2237 1001 2320 diligentissime
1029 2237 1182 2302 cohorta-

211 2343 294 2408 mini
327 2346 362 2408 et
393 2343 472 2426 quid
497 2345 585 2408 inter
609 2344 788 2408 Herculem
813 2365 850 2408 ac
875 2342 1183 2427 Sardanapalumi)

213 2452 346 2516 doctum
370 2454 404 2514 et
427 2451 578 2530 idiotam,
609 2452 797 2532 sapientem
825 2453 859 2515 et
886 2450 1011 2515 fatuum
1040 2451 1182 2527 intersit,

211 2557 406 2639 frequenter
429 2558 622 2623 admonete:
647 2557 702 2622 Sic
726 2578 786 2622 nec
808 2558 962 2640 genuisse
985 2577 1044 2622 nec
1061 2558 1182 2623 liberos

121 2665 165 2729 45
210 2665 313 2729 vitam
336 2665 505 2746 accepisse
528 2666 724 2748 poenitebit.

638 2969 678 3033 ll.

161 3124 283 3220 Quod
303 3125 418 3214 pueri
441 3124 600 3196 scholae
623 3125 880 3214 mancipandi
903 3130 943 3195 et
968 3145 992 3197 a
1013 3131 1153 3197 tenera

397 3235 528 3303 aetate
550 3233 785 3302 instituendi
808 3236 912 3302 sunt.

152 3433 165 3494 l
212 3430 309 3506 Quod
326 3429 426 3512 igitur
442 3429 538 3494 liberi
556 3429 807 3513 diligentissime
825 3431 964 3495 docendi
988 3430 1062 3507 sint,
1089 3450 1185 3494 nemo

214 3536 279 3600 nisi
309 3538 445 3601 insanus
492 3557 640 3618 unquam
678 3537 860 3615 dubitavit,
895 3541 954 3602 sed
991 3557 1069 3601 num
1105 3537 1186 3618 quid

215 3643 346 3728 publice
371 3643 492 3708 rectius
524 3664 567 3708 an
596 3645 769 3728 privatim,
805 3644 893 3709 domi
923 3664 965 3708 an
996 3646 1031 3707 in
1062 3644 1185 3722 schola,

214 3750 420 3815 commodius
444 3749 711 3830 instituerentur,
734 3751 812 3815 olim
835 3750 921 3816 inter
945 3750 1095 3815 homines
1119 3770 1185 3814 non

146 3860 167 3921 5
212 3858 376 3922 convenit.
423 3856 545 3921 Fabius
570 3860 680 3921 autem
709 3858 743 3922 in
771 3858 878 3940 primo
904 3859 944 3922 de
967 3858 1112 3922 oratoria
1134 3856 1186 3920 in-

215 3964 388 4030 stitutione
413 3964 497 4028 libro
521 3984 653 4028 omnem
677 3984 778 4048 super
802 3966 864 4029 bac
889 3986 923 4030 re
941 3965 1186 4031 dubitationem

215 4071 261 4136 ita
285 4091 302 4136 e
326 4072 436 4136 medio
460 4072 603 4147 sustulit,
637 4074 674 4135 ut
698 4093 738 4135 ne
763 4071 945 4137 litteratum
971 4072 1103 4154 quidem
1126 4073 1186 4136 ha·

216 4179 362 4243 bendum
379 4177 573 4258 existimem,
598 4180 655 4261 qui
673 4199 739 4244 non
755 4180 860 4244 multo
877 4179 994 4244 melius
1011 4180 1045 4243 in
1062 4179 1185 4261 schola,
