2632 4718
607 716 830 785 ..66-

275 896 448 979 Virgineas
472 897 589 962 laudes
612 895 721 962 calido
745 897 786 961 de
810 896 910 961 corde
934 895 1091 980 profudit,

320 1004 468 1085 Reginae
492 1022 651 1085 superum
675 1005 813 1085 mystica
836 1005 924 1069 dona
946 1003 1067 1068 ferens.

208 1112 249 1173 95
275 1108 444 1191 Explicuit
467 1113 601 1174 nostrae
625 1108 738 1174 divina
760 1109 930 1174 volumina
953 1110 1045 1191 legis,

319 1216 412 1293 Quae
437 1216 559 1280 Christi
584 1215 684 1280 vitam
708 1235 869 1298 sacraque.
893 1218 984 1299 gesta
1008 1219 1135 1281 tenent.

276 1322 345 1387 Nec
368 1322 495 1387 calamo
519 1322 627 1387 solum
651 1322 817 1405 doctoque
839 1321 1062 1406 philosophus
1085 1344 1152 1402 ore,

319 1428 385 1494 Sed
409 1449 538 1493 morum
562 1428 639 1493 felix
663 1428 853 1511 integritate
877 1430 950 1495 fuit.

275 1535 361 1599 Nam
384 1535 538 1599 iuvenem
562 1533 687 1599 Christi
711 1537 825 1611 mater,
850 1535 1044 1619 dignissima
1067 1536 1169 1619 virgo,

188 1643 251 1704 100
318 1639 503 1704 Admonuit
526 1640 677 1721 pandens
701 1641 882 1723 relligionis
906 1641 977 1711 iter,

275 1745 349 1823 Qua
373 1746 497 1810 multos
521 1744 585 1826 egit
609 1746 704 1810 miles
728 1745 928 1811 fortissimus
952 1765 1068 1824 annos,

318 1853 496 1936 Exemplar
520 1854 607 1917 vitae
631 1852 845 1935 iustitiaeque
870 1855 980 1927 decus

274 1962 385 2024 Donec
409 1959 443 2022 in
466 1959 638 2024 aethereas
663 1959 783 2024 meruit
807 1961 1031 2025 conscendere
1053 1961 1160 2031 sedes

319 2067 453 2132 Clarum
478 2066 535 2131 ubi
558 2065 706 2148 frugiferi
731 2071 873 2132 stemma
896 2066 1018 2132 laboris
1043 2067 1153 2132 habet.

187 2176 249 2239 105
275 2172 339 2236 Hic
362 2173 553 2237 veneranda
576 2175 712 2237 manent
735 2173 897 2238 mirabilis
921 2194 997 2239 ossa
1020 2174 1177 2255 rnap'stri

320 2279 391 2343 lllic
415 2278 600 2360 perfruitur·
624 2279 764 2360 spiritus
788 2300 845 2344 ore
870 2279 934 2343 dei.

273 2385 447 2449 Extremas
472 2384 580 2467 llagni
606 2404 725 2449 nornen
750 2385 901 2450 volitavit
924 2385 958 2449 in
982 2405 1066 2460 oras,

320 2493 359 2555 ln
382 2511 541 2574 superum
566 2491 699 2574 templis
721 2492 968 2574 gymnasiisque
993 2493 1161 2574 frequens

272 2597 309 2660 ln
334 2598 501 2661 cathedris
524 2598 663 2680 Magnus
688 2600 830 2671 resonat,
854 2617 914 2679 per
937 2598 1068 2680 pulpita
1092 2598 1224 2679 passim,

187 2707 248 2770 110
316 2704 365 2767 Ae
389 2703 582 2786 ubicunque
607 2705 697 2786 loqui
722 2705 819 2768 docta
842 2723 964 2770 corona
988 2705 1084 2768 solet.

272 2811 409 2892 Magnus
433 2811 533 2874 babet
555 2830 676 2875 nomen
700 2811 806 2874 maius
828 2831 928 2892 quam
950 2809 1102 2874 Caesaris
1133 2810 1246 2885 hostis,
1293 2824 1295 2829 ⁴

315 2917 425 2992 Quam
448 2917 500 2981 rel
523 2916 721 2992 Alexander,
745 2917 909 2980 maximus
933 2916 989 2980 ille
1014 2917 1144 2990 ducum,

272 3023 388 3087 lnrida
412 3023 502 3104 quod
526 3043 698 3104 nunquam
723 3022 847 3103 poterit
869 3023 1003 3087 abolere
1026 3024 1173 3086 vetustas

316 3128 503 3210 Sacrilegae
526 3129 644 3192 turbae
669 3129 720 3192 vel
744 3127 875 3192 rabiosa
899 3128 979 3191 lues.

186 3238 246 3299 115
272 3235 330 3298 Est
354 3234 478 3298 etenim
501 3238 644 3313 tantum,
669 3238 705 3298 ut
730 3234 854 3298 nullius
878 3234 1023 3298 carmine
1048 3236 1183 3312 crescat,

316 3341 425 3405 Nullis
449 3341 608 3422 depereat
632 3340 789 3405 dentibus
813 3340 967 3404 invidiae.

272 3447 529 3529 Nunc,.precor‚
547 3446 734 3510 Arnoldum
757 3445 880 3509 blande
905 3448 964 3521 lac,
983 3447 1085 3519 Musa,
1111 3446 1246 3520 salutes,

315 3553 528 3635 Tungrorum
551 3554 699 3617 veterum
731 3572 893 3634 spemque
918 3553 1088 3633 decusque
1114 3571 1246 3625 norum,

270 3659 334 3735 Qui
360 3658 483 3741 primos
508 3659 596 3722 inter
620 3678 774 3742 proceres
799 3658 936 3739 vestigia
961 3657 1027 3721 divi

185 3769 246 3830 loo
315 3765 443 3829 Alberti
469 3765 630 3847 sequitur,
655 3765 780 3846 optima
804 3784 961 3847 quaeque
986 3765 1125 3841 docens;

272 3871 378 3948 Quem
403 3871 537 3934 dubites
562 3891 690 3935 morum
716 3871 831 3935 laudes
856 3870 1095 3951 aequabilitate

315 3977 468 4058 Amplius
492 3997 535 4040 an
559 3977 696 4059 sophiae
720 3977 909 4057 cognitione
934 3997 1046 4054 sacra3

271 4083 432 4147 Externos
457 4084 551 4147 cuius
576 4084 671 4163 longe
695 4080 845 4165 persenit
875 4084 909 4145 111
933 4082 1034 4146 urbes

316 4189 444 4253 Nomen
470 4194 501 4253 et
525 4190 668 4270 insignis
693 4192 779 4254 fania
803 4189 994 4272 pudicitiae.

189 4300 252 4360 125
278 4295 351 4358 Hoc
375 4298 424 4359 est
449 4295 607 4359 Laurenti
632 4297 750 4358 domus
775 4299 805 4358 et
831 4295 943 4358 schola
967 4295 1054 4358 breta
1077 4292 1235 4374 magistro
