2632 4718
598 733 642 747 —-
690 697 754 765 114
799 735 839 748 -

701 877 740 942 Χ.

185 1016 250 1087 Ad
271 1016 537 1088 venerabilem
566 1021 606 1086 et
635 1030 872 1106 generosum
902 1017 1109 1088 dominum
1138 1018 1253 1090 Ioan-

186 1143 279 1194 nem
300 1123 495 1210 Valcke1),
524 1123 715 1194 ecelesiae
738 1122 1068 1194 Monasteriensis
1092 1125 1252 1194 canoni-

358 1248 450 1301 cum
474 1234 514 1300 et
536 1230 763 1319 praesidem
786 1230 1079 1302 scholasticum.

538 1354 599 1424 De
621 1354 897 1443 temperentia.

214 1521 227 1580 l
257 1517 398 1594 Quando
421 1519 497 1582 tuas
520 1535 650 1581 mecum
673 1516 816 1581 virtutes
839 1519 952 1581 mente
975 1518 1118 1598 revolvo,

299 1622 426 1705 Ingenti
450 1623 596 1705 quodam
620 1624 720 1687 corda
743 1627 879 1706 stupore
904 1625 1050 1705 stupent.

253 1729 346 1794 Sicut
369 1749 528 1812 procerae
552 1733 711 1811 superant
733 1729 875 1794 viburna
898 1729 1058 1811 cupressi,

280 1836 431 1915 ,Aureus
453 1839 491 1900 ut
515 1836 673 1919 splendor
697 1838 816 1900 cunda
839 1836 973 1901 metalla
996 1838 1115 1919 praeit,

211 1948 229 2007 5
255 1943 315 2005 nst
339 1945 397 2007 tua
419 1962 500 2024 prae
524 1940 660 2024 reliquis
684 1941 834 2024 probitas
857 1941 1056 2023 illustriset
1079 1945 1168 2008 omni

298 2048 385 2113 Nota
408 2048 489 2123 loeo,
512 2047 669 2128 gravibus
693 2068 825 2130 semper
848 2051 958 2113 amata
980 2048 1071 2113 viris.

254 2154 440 2236 Belligione
464 2155 610 2218 Numam
635 2155 749 2234 vincis,
773 2155 896 2235 pietate
921 2155 1087 2232 Solonem,

299 2260 464 2325 Neritium
488 2261 600 2342 lingua
623 2260 837 2342 consiliisque
862 2261 1027 2344 dueem,2)

253 2368 297 2430 Et
320 2387 522 2448 quamquam
547 2368 656 2431 clarus
680 2387 840 2449 generoso
865 2367 1025 2448 sanguine
1050 2372 1174 2442 nalum,

189 2477 231 2537 10
298 2475 365 2537 Sed
389 2474 515 2538 meritis
539 2475 648 2556 impar
671 2477 704 2537 te
728 2478 924 2556 superornet
947 2476 1064 2539 honor.

253 2580 311 2643 Est
333 2579 450 2645 vitium
476 2600 660 2655 commune,
684 2581 842 2663 superbia
866 2581 1061 2658 nobilitatis,

295 2686 382 2751 Ate
407 2707 506 2768 quam
531 2687 637 2768 longe,
661 2687 717 2768 qui
743 2687 826 2751 nihil
851 2688 928 2751 iude.
954 2690 1072 2767 tumes,

253 2794 317 2872 Qui
343 2814 404 2858 nec
428 2795 609 2875 egestatem
633 2793 756 2858 fastoso
781 2794 925 2876 despicis
949 2815 1004 2858 ore

298 2901 368 2964 Nec
392 2899 513 2981 refugis
538 2901 650 2965 miseri
675 2900 804 2966 duriter
828 2901 1021 2983 alloquium,

189 3011 227 3072 15
251 3007 289 3070 ln
313 3010 451 3071 cunctos
474 3007 579 3072 facilis
602 3009 765 3085 lromineS,
789 3009 956 3072 humanus
980 3009 1014 3072 in
1039 3028 1164 3087 omnes,

297 3114 460 3178 Omnibus
484 3113 520 3178 in
543 3115 642 3179 rebus
667 3116 785 3180 doctus
809 3115 933 3180 habere
958 3116 1109 3179 modum!

252 3221 448 3302 Temperies
473 3241 610 3297 morum,
635 3224 746 3286 castae
771 3222 954 3286 moderatio
978 3221 1067 3286 ritae

298 3326 462 3391 Diffundit
488 3327 554 3391 late
578 3348 700 3392 nomen
723 3329 848 3410 ubique
873 3331 980 3393 tuum.

253 3432 377 3496 Ordine
400 3452 553 3515 quaeque
577 3453 638 3498 suo
663 3433 841 3516 disponere
866 3435 1009 3499 maxima
1033 3434 1105 3498 laus
1130 3437 1179 3497 est

187 3540 230 3602 ‘20
296 3538 338 3600 Et
362 3537 444 3601 nihil
471 3540 505 3602 in
530 3539 598 3603 vita
622 3539 823 3605 sustinuisse
847 3539 954 3605 nimis.

252 3644 381 3709 Blanda
405 3644 585 3726 voluptatis
609 3649 822 3712 contemnere
848 3666 947 3729 regna
972 3649 1138 3722 decorum,

296 3750 361 3814 Cor
385 3750 514 3815 ratione
538 3752 626 3816 bena
649 3753 877 3833 composuisse
901 3774 1008 3817 suum.

253 3856 318 3935 Qui
343 3857 464 3922 mentis
488 3858 600 3923 domat
624 3858 762 3923 effectus
786 3860 981 3941 animosque
1007 3860 1157 3936 rebelles,

297 3965 429 4029 Fortior
452 3967 511 4040 est,
537 3984 634 4046 quam
660 3966 718 4048 qui
741 3966 872 4031 moenia
895 3966 982 4030 celsa
1006 3965 1105 4048 capit.

187 4073 227 4133 25
253 4071 329 4137 Non
352 4073 439 4135 bene
463 4071 668 4136 conveniunt
691 4072 795 4136 virtus
820 4076 853 4137 et
877 4079 998 4157 spurca
1022 4074 1133 4150 libide,

249 4223 252 4228 -
297 4179 333 4242 In
359 4180 445 4243 mala
468 4178 667 4262 praecipitat
690 4181 835 4263 plurima
859 4202 978 4246 caecus
1003 4202 1104 4246 amor.

254 4286 412 4369 Improba
436 4307 535 4368 quem
559 4288 667 4351 tactus
693 4287 785 4352 ducit
809 4291 991 4371 gustusque
1015 4290 1179 4372 voluptas,
