2632 4718
505 709 724 777 ..13-

95 894 136 957 15
162 891 230 955 Cur
253 893 401 974 pecudes
425 893 517 955 tactu
541 893 689 972 superat,
714 910 774 954 cur
798 888 942 971 denique
965 893 1074 973 gustu,

212 997 277 1076 Qui
302 996 440 1079 reliquis
465 998 552 1061 cedit
575 996 742 1075 sensibus
766 1016 865 1079 aeger
888 997 1009 1061 horno?

158 1104 293 1169 Scilicet
316 1103 370 1168 his
393 1106 559 1184 quantum
582 1101 693 1167 brutis
717 1105 916 1185 praestaret,
939 1107 976 1168 ut
1001 1106 1092 1167 esset

209 1210 389 1294 Expositus
414 1212 508 1275 tanto
531 1208 688 1290 pluribus
712 1209 784 1292 ipse
808 1208 914 1274 malis.

160 1316 274 1381 Utitur
297 1316 464 1381 illecebris
488 1319 606 1398 gustus
630 1318 806 1398 tactusque
830 1317 982 1398 voluptas

96 1425 139 1487 20
209 1423 251 1486 Et
273 1423 414 1487 miseros
438 1421 591 1485 homines
615 1420 784 1504 mancipat
808 1440 915 1503 usque
940 1421 1019 1501 sibi3

161 1527 278 1593 Dulcia
301 1528 402 1593 mella
426 1527 526 1592 labris
551 1531 584 1592 et
608 1527 720 1593 mollia
745 1527 864 1610 gandia
888 1526 1045 1591 membris

211 1634 371 1712 Offundst,
395 1635 457 1698 sed
481 1634 523 1698 fel
548 1634 780 1716 asperitasque
804 1635 930 1698 subest.

160 1741 212 1805 Tu
236 1744 349 1806 tamen
373 1742 459 1805 hanc
483 1740 582 1805 variis
607 1740 709 1804 fretus
735 1740 917 1805 virtutibus
942 1761 1046 1820 arces,

213 1848 380 1930 Ingenuas
404 1851 504 1923 artes,
528 1846 773 1924 Bartholomee‚
797 1847 922 1923 colens

98 1957 140 2018 95
165 1954 207 2017 Et
230 1955 315 2017 sicut
338 1953 463 2018 multae
486 1953 634 2035 pecudes
659 1972 720 2016 nos
745 1973 885 2035 corpore
909 1956 1090 2036 praestant,

213 2060 404 2142 Exsuperas
428 2060 588 2143 populum
614 2060 760 2141 pectoris
784 2061 856 2142 ipse
879 2060 984 2125 bonis

163 2167 284 2231 lntima
306 2167 516 2249 perspiciens
540 2167 678 2248 sophiae
703 2167 889 2247 penetralia
911 2167 1046 2248 gaudes,

212 2272 266 2336 Ad
289 2291 376 2354 quae
400 2273 543 2353 grassari
567 2272 668 2337 turba
691 2274 833 2355 profana
857 2272 983 2355 nequit.

165 2378 250 2443 Aria
274 2379 445 2443 Pieridum
469 2397 626 2461 peragras
650 2379 732 2455 loca,
758 2379 815 2444 dat
837 2378 900 2442 tibi
924 2379 1055 2443 laurum

103 2485 146 2549 30
215 2485 371 2549 Phoebus
396 2487 429 2549 et
452 2489 589 2551 auratae
613 2486 741 2567 plectra
765 2506 886 2550 canora
910 2486 1007 2568 lyrae.

600 2841 635 2903 V.

104 2976 224 3070 Quod
246 2981 437 3066 quattuor
461 2977 661 3089 elemerata
684 2981 779 3047 sunt
800 2977 952 3047 homini
974 2978 1129 3049 infesta.

265 3101 329 3170 Ad
350 3102 665 3184 Hermannum¹l
691 3101 975 3173 Guernensem.

130 3265 142 3326 1
171 3262 255 3339 Quis
279 3262 343 3326 sibi
367 3263 579 3344 tranquillam
603 3263 710 3345 possit
734 3263 927 3345 promittere
952 3265 1075 3329 vitam?

218 3369 301 3446 Quis
325 3371 438 3451 speret
463 3370 566 3433 laetos
591 3371 787 3434 continuare
813 3371 906 3436 dies?

168 3474 289 3540 Omnia
313 3475 514 3558 conspirant,
539 3482 574 3540 nt
599 3497 660 3539 nos
685 3477 850 3540 clementa
874 3477 1019 3560 fatigent,

219 3581 307 3663 Ignis
332 3583 427 3659 edax,
451 3591 519 3662 altr,
544 3582 693 3654 llnmina,
720 3586 818 3663 terra,
843 3584 974 3648 fretum.

127 3688 145 3751 5
170 3687 365 3752 Fulmineus
389 3689 511 3752 mullos
536 3689 644 3752 exurit
668 3688 811 3753 coelitus
834 3690 929 3772 ignia,

218 3793 370 3878 Iuppiter
394 3815 433 3858 ex
458 3796 525 3858 alto
550 3814 625 3858 cum
650 3795 719 3859 fera
743 3797 809 3859 tela
832 3797 920 3860 iacit.

168 3900 275 3982 lmpia
299 3900 478 3981 frugiferos
502 3904 636 3966 vastant
659 3901 813 3966 incendia
835 3923 947 3985 pagos

218 4007 455 4088 vulcanusque
479 4008 563 4070 truci
588 4008 726 4073 devorat
751 4030 807 4072 ore
832 4010 944 4075 Lares.

168 4112 274 4194 Eripit
300 4112 385 4194 ignis
409 4134 501 4196 opes,
526 4116 691 4197 crepitant
715 4136 774 4197 per
798 4117 941 4181 culmina
966 4119 1127 4197 llammae,

106 4219 149 4282 10
216 4219 307 4295 Quas
332 4220 423 4282 nulla
447 4219 578 4284 inlusae
603 4221 699 4302 copia
722 4221 810 4286 sistit
833 4243 949 4304 aquae.

168 4324 271 4389 Tecta
296 4329 410 4405 ruunt,
435 4325 587 4390 homines
611 4328 708 4390 scalis
732 4328 892 4393 labuntur
915 4330 956 4393 ab
981 4330 1067 4410 altis,
