2632 4718
545 752 763 814 -41-

234 928 362 1008 rigare.
399 927 589 992 Matthaeus
606 928 715 1009 capite
732 927 805 991 XIV
818 925 874 1010 17);
902 927 962 1004 „Et
979 946 1054 991 cum
1071 946 1187 991 ascen-

144 1037 187 1096 oo
234 1034 336 1097 disset
360 1034 393 1097 in
420 1035 618 1112 naviculam,
643 1033 784 1097 cessavit
808 1037 936 1097 ventus.
983 1033 1048 1110 Qui
1072 1035 1186 1098 autom

233 1139 268 1201 in
292 1139 442 1203 uaricula
467 1142 579 1215 erant,
612 1143 774 1203 venerunt
805 1142 839 1202 et
862 1141 1087 1204 adoraverunt
1110 1159 1187 1203 eum

234 1244 396 1308 diceutes:
429 1247 532 1322 „Vere
556 1244 644 1308 filius
669 1245 723 1308 dei
747 1252 812 1309 es“
861 1247 990 1310 Marcus
1014 1247 1107 1310 sexto
1131 1266 1186 1309 ca-

233 1350 302 1431 pite
316 1350 374 1433 ¹⁸):
414 1351 474 1429 ,ut
499 1351 649 1415 ascendit
677 1352 718 1415 ad
742 1351 816 1416 illos
840 1353 874 1414 in
900 1373 1028 1425 navem,
1058 1355 1092 1415 et
1114 1371 1186 1415 ces-

233 1456 316 1520 sarit
350 1460 499 1520 ventus“
556 1458 663 1521 Lucas
699 1458 808 1539 capite
838 1456 932 1540 t³¹⁹):
970 1458 1031 1536 „Et
1064 1459 1185 1521 sedens

144 1564 187 1627 95
236 1563 376 1627 docebat
406 1565 447 1625 de
478 1565 629 1628 navicula
658 1564 803 1628 turbas“
853 1566 997 1629 loannes
1027 1565 1108 1628 item
1131 1584 1186 1628 ca·

234 1669 303 1749 pito
342 1669 451 1749 V12⁰):
494 1671 633 1747 „Vident
667 1671 780 1733 lesum
820 1670 1046 1734 ambulantem
1085 1688 1186 1752 supra

231 1795 322 1838 mare
350 1779 384 1839 et
417 1777 603 1858 proximum
632 1776 708 1840 nari
739 1775 812 1839 fieri
842 1779 873 1840 et
901 1777 1115 1841 timuerunt-‘⁴
1141 1812 1183 1822 -

231 1881 294 1945 Eat
323 1901 411 1944 nunc
442 1882 655 1946 adversarius
684 1884 797 1945 noster
828 1885 862 1946 et
892 1885 1008 1946 contra
1037 1885 1088 1946 tot
1117 1882 1184 1945 eri-

235 1987 428 2052 deutissima
442 1989 634 2052 testimonia
646 1988 813 2068 praeferat
829 1989 928 2052 ollam
945 2007 1039 2052 suain
1054 1991 1185 2051 nostrae

123 2093 187 2156 100
233 2093 418 2170 naviculae,
443 2098 478 2157 at
498 2114 633 2159 causam
657 2094 748 2158 illius
765 2094 912 2159 clamitet
939 2094 1026 2157 inter
1049 2094 1185 2157 mulier-

231 2200 378 2263 cularum
404 2201 553 2265 calathos
578 2200 678 2265 huius
702 2221 803 2264 causa
831 2199 1012 2264 iustiorem.
1054 2199 1184 2262 Garriat

234 2306 267 2369 in
292 2325 414 2369 corona
439 2308 490 2370 sui
515 2307 689 2385 similium,
713 2309 879 2388 quantum
899 2305 979 2369 velit
1001 2324 1184 2386 verumque

230 2412 348 2476 reddat
392 2413 475 2475 illud
514 2417 610 2476 votus
650 2411 867 2495 adagium‘sst:
920 2413 1030 2490 „Inter
1068 2429 1183 2473 caecos

231 2520 346 2599 regnat
369 2519 533 2582 st1·ahus.“

619 2749 689 2813 nr.

329 2886 391 2954 nx
413 2886 555 2975 Augen
576 2887 762 2957 Pontiam
784 2887 965 2968 Lamiani

319 3048 616 3112 Grammaticorum
648 3048 738 3112 enim
773 3053 850 3112 sunt
887 3050 948 3112 trae
985 3050 1110 3130 partes,
1146 3051 1183 3111 ut

227 3171 327 3216 omne
351 3154 553 3235 scriptorum
577 3175 698 3237 genus:
727 3160 856 3237 portas,
888 3156 1078 3234 historicos
1107 3174 1182 3218 ora-

227 3261 331 3335 toreS,
360 3260 594 3343 philosophos,
625 3261 784 3340 medicos
815 3262 1056 3325 jureconsultos
1081 3279 1182 3323 excu-

227 3365 313 3429 tiant
336 3368 439 3448 atque
463 3371 631 3431 enarrent.
671 3368 794 3432 Nostra
818 3371 909 3432 aetas
933 3386 1052 3450 parum
1074 3365 1182 3450 perita

160 3471 180 3532 5
228 3490 339 3535 rerum
368 3475 533 3552 veterum,
566 3474 664 3537 nimis
694 3474 786 3538 brevi
819 3491 897 3554 gyro
933 3473 1180 3555 grammaticum

230 3578 366 3659 saepsit,
391 3581 426 3643 at
442 3579 532 3662 apud
549 3580 706 3661 antiquos
730 3579 808 3644 olim
825 3583 957 3644 tantum
974 3577 1180 3643 auctoritatis

235 3685 290 3749 hic
317 3687 399 3750 ordo
426 3686 554 3764 habuit,
590 3689 627 3750 ut
655 3706 808 3750 censores
844 3688 956 3749 essent
990 3689 1024 3749 et
1052 3683 1179 3747 iudices

227 3791 427 3872 scriptorum
451 3792 600 3856 omnium
625 3793 686 3856 soli
717 3792 939 3874 grammatici,
970 3811 1054 3873 quos
1079 3790 1121 3855 ob
1145 3790 1180 3855 id

227 3896 330 3961 etiam
353 3897 484 3962 criticos
501 3899 675 3978 vocabant,
701 3899 758 3978 sic,
782 3901 820 3962 ut
845 3919 911 3963 non
929 3917 1047 3962 versus
1070 3898 1179 3976 modo,

139 4003 181 4066 10
226 4002 290 4084 (ita
325 4006 412 4069 cuim
450 4005 716 4088 Quintilianus2)
751 4006 811 4088 ait)
849 4003 1001 4068 censoria
1036 4003 1179 4085 quadam

225 4110 352 4191 virgula
376 4114 501 4191 notare,
533 4114 592 4176 scd
620 4113 722 4176 libros
747 4113 862 4187 etiam,
891 4112 946 4193 qui
981 4111 1063 4175 salso
1087 4111 1178 4173 vidc-

226 4221 343 4282 rentur
371 4218 535 4300 inscripti,
565 4220 734 4301 tamquam
762 4219 953 4283 subdititios
981 4217 1178 4281 submovere

227 4324 352 4390 familia
386 4325 603 4408 permiserint
637 4325 718 4407 sibi,
758 4325 840 4407 quin
875 4328 1027 4391 auctores
1066 4322 1178 4406 etiam,
