2632 4718
552 745 771 808 ,ῃ-

236 918 288 982 vel
316 917 488 984 Ciceronis
516 919 643 1000 aliquid
671 919 723 983 rel
747 919 880 1002 Vergilii
910 921 1094 984 aliorumve
1118 921 1194 984 illu-

150 1024 194 1086 95
236 1023 351 1087 strium
382 1029 519 1106 possent
550 1026 713 1103 ediscere,
743 1025 823 1090 olim
853 1029 885 1089 et
909 1024 1019 1090 decori
1048 1029 1081 1089 et
1105 1045 1195 1090 com-

235 1131 333 1194 urodo
356 1130 421 1194 illis
439 1150 505 1194 non
523 1131 683 1195 mediocri
701 1133 862 1197 futurum.
903 1131 1066 1214 Equidem
1090 1151 1195 1214 puero

232 1235 334 1312 mibi,
366 1255 441 1300 cum
477 1236 659 1301 Alexandri
694 1257 827 1301 carmen
861 1238 1013 1320 ineptum
1045 1239 1086 1302 de
1121 1239 1193 1302 arte

235 1341 448 1422 grammatica
477 1346 690 1425 praeceptore
719 1345 858 1424 cogente
892 1344 1071 1409 memoriae
1100 1362 1194 1408 man-

236 1448 366 1524 dabam,
385 1448 513 1511 nonita
530 1447 707 1529 contigisse
724 1449 906 1531 plurimum
923 1449 1029 1513 doleo.
1060 1449 1194 1529 Addite,

128 1555 195 1617 100
236 1553 337 1634 quod,
360 1572 436 1617 cum
459 1553 600 1617 incultos
624 1559 658 1618 et
675 1554 835 1618 barbaros
855 1553 1023 1634 discimus,
1048 1555 1133 1619 tales
1156 1574 1195 1620 ac

235 1659 348 1739 potius
364 1660 555 1722 incultiores
576 1663 610 1723 et
626 1660 691 1741 ipsi
709 1660 892 1724 evadimus.
928 1661 1081 1726 Solemus
1105 1659 1193 1724 enim

234 1763 291 1841 iis,
326 1783 409 1844 quos
443 1763 629 1840 imitamur,
664 1765 863 1847 plerumque
893 1785 967 1829 esse
999 1765 1194 1828 deteriores

235 1869 446 1952 Quapropter
468 1870 614 1951 optimos
637 1872 671 1933 et
686 1869 799 1935 statim
828 1873 862 1934 et
882 1889 1015 1951 semper
1038 1871 1195 1956 legendos

235 1979 332 2057 putat
356 1974 616 2055 Quintilianus⁹)
647 1978 748 2058 atque
771 1997 887 2041 eorum
917 1975 1193 2041 candidissimum

129 2084 193 2147 105
235 2101 404 2163 quemque
429 2085 461 2145 et
479 2083 620 2146 maxime
637 2082 831 2164 expolitum.
870 2081 957 2145 Tum
974 2083 1015 2146 de
1033 2081 1194 2146 Cicerone

234 2186 282 2252 sic
309 2188 437 2270 inquit;
478 2188 611 2266 ,Cicero
641 2187 695 2269 (ut
727 2189 808 2253 mibi
832 2188 966 2271 quidem
991 2187 1137 2270 videtur)
1162 2189 1195 2251 et

234 2293 401 2358 iucundus
425 2293 661 2378 incipientibus
681 2314 815 2376 quoque
831 2296 864 2358 et
884 2295 1021 2376 apertus
1045 2295 1097 2357 est
1113 2291 1195 2357 salis

236 2419 298 2464 nec
313 2401 472 2483 prodesse
489 2403 631 2477 tantum,
648 2403 707 2465 sed
724 2400 824 2465 etiam
840 2399 945 2464 amari
963 2401 1081 2482 potest.
1107 2399 1194 2462 Tum

236 2507 530 2588 (quemadmodum
556 2505 732 2591 Plinius¹⁰)
761 2505 942 2590 praecipit)
980 2507 1017 2569 ut
1053 2505 1194 2587 quisque

131 2615 195 2678 110
236 2613 299 2676 erit
315 2611 467 2676 Ciceroni
491 2612 690 2676 simillimus.
727 2613 793 2677 Sed
818 2613 859 2676 de
876 2632 998 2693 genere
1018 2612 1081 2675 hoc
1098 2611 1196 2693 longa

236 2720 349 2800 posset
372 2717 489 2781 haberi
514 2719 630 2783 oratio.
675 2719 768 2782 Haec
791 2737 870 2781 vero
893 2717 1064 2800 attigimus
1082 2719 1195 2781 nostro

236 2845 313 2907 erga
340 2825 509 2888 studiosos
541 2843 670 2888 summo
699 2843 822 2889 amore.
870 2823 979 2901 Quare
1007 2843 1066 2887 vos
1088 2820 1194 2909 Jeiiam

236 2934 337 3012 atque
361 2929 460 2994 eiiam
486 2948 573 3011 rogo.
598 2929 736 2995 utboni
761 2929 925 3012 quidquid
949 2928 1093 2994 diximus
1117 2947 1196 2992 con-

235 3037 363 3101 sulatis.
387 3035 559 3119 Valete!*)

131 3147 193 3208 115
324 3142 471 3206 Venetiis
494 3161 609 3204 mense
633 3140 771 3206 Octobri
795 3141 929 3206 MDVll.

633 3337 692 3400 111.

126 3476 303 3548 Jacobus
325 3475 641 3651 Vimphelingliplxs
664 3476 706 3544 in
729 3476 905 3563 quadam
926 3473 1196 3544 lucubratiun-

548 3601 571 3652 ο
614 3600 640 3652 a
662 3584 783 3667 sual)

324 3728 472 3792 Fuerunt
497 3726 532 3791 in
552 3725 731 3791 Germania
754 3725 928 3792 clarissimi
945 3723 1195 3806 doctissimique

235 3831 307 3912 viri,
330 3833 527 3916 priusquam
552 3833 742 3896 Alexander
766 3834 801 3897 in
825 3835 918 3897 utero
943 3830 1059 3896 matris
1084 3829 1195 3894 conci-

233 3942 379 4020 peretur,
408 3941 441 4002 et
464 3937 563 4002 bodie
587 3938 739 4002 videmus
763 3939 865 4002 Italos
894 3936 1075 4020 prudentia
1098 3954 1195 4018 prae-

234 4045 320 4109 ditos
342 4045 437 4109 aliter
454 4044 579 4109 liberos
596 4064 675 4108 suos
692 4043 876 4108 instituere.
914 4041 1082 4107 imbibitis
1105 4041 1194 4104 enim

171 4151 191 4214 5
233 4151 427 4216 breuissimo
439 4153 587 4234 tempore
603 4149 839 4233 grammaticae
858 4148 1056 4213 rudimentis
1072 4147 1195 4230 (quan-

215 4325 240 4394 ⁸)
260 4326 295 4379 B:
316 4327 389 4380 Vale.
