2632 4718
352 233 436 254 -m,
608 125 725 245 .

363 305 374 328 ,Γ
446 314 451 315 ⁷

518 702 737 767 ..39-

163 876 398 941 l’ertoleranda
422 877 508 940 foret
530 880 664 943 nostrae
688 877 814 942 iactura
838 880 964 955 salutis,

205 982 357 1046 Exterior
380 985 510 1047 lantum
534 983 562 1047 si
585 985 671 1048 male
695 983 834 1049 haberet
857 986 966 1050 bomo

113 1090 134 1151 5
161 1088 318 1153 Postibus
343 1089 408 1153 beu
431 1090 565 1171 quantis
589 1091 720 1155 animus
744 1091 960 1167 consumitur,
985 1091 1082 1165 eben,

205 1196 312 1272 Quam
336 1197 465 1279 patitur
488 1197 613 1261 variam
638 1216 732 1261 mens
755 1197 875 1262 vitiosa
898 1200 1031 1263 necem!

160 1302 334 1384 Languida
358 1300 541 1367 conficiunt
564 1303 737 1368 mordaces
760 1306 897 1384 pectora
921 1325 1030 1382 curae,

206 1407 293 1472 Hinc
317 1428 404 1491 spes,
428 1409 505 1474 inde
528 1414 648 1488 metus
673 1409 802 1475 laetitia
825 1412 924 1493 atque
948 1412 1052 1475 dolor.

161 1516 258 1580 Unde
283 1515 390 1598 liquet
413 1520 542 1599 septem
566 1516 726 1599 capitales
750 1536 887 1598 surgere
911 1518 1056 1593 morbos,

94 1624 137 1686 10
205 1622 290 1687 Tota
313 1623 436 1705 quibus
461 1622 583 1687 mentis
608 1623 676 1688 vita
699 1623 858 1706 salusque
883 1624 980 1706 perit.

162 1728 272 1793 Prima
296 1729 377 1804 lues,
402 1729 522 1794 tumidi
548 1730 674 1795 furiosa
698 1730 856 1812 superbia
880 1730 997 1805 cordis,

206 1835 344 1910 Decidit,
368 1835 403 1899 in
427 1855 593 1900 summurn
617 1823 695 1900 dum
719 1836 811 1918 cupit
835 1835 884 1900 ire
908 1837 1057 1918 gradum.

161 1942 234 2006 Hoc
257 1943 386 2017 vitium,
411 1942 508 2024 longe
532 1944 638 2025 peius,
662 1962 763 2025 quam
788 1942 917 2007 luridus
941 1944 1095 2027 hydrope,

203 2049 325 2114 lntima
348 2050 510 2132 pestifero
533 2047 634 2115 corda
657 2051 788 2114 tumore
813 2052 920 2113 necat.

92 2160 134 2220 15
159 2154 308 2220 Invidiae
331 2175 498 2238 quaerens
522 2159 734 2238 prosternere
758 2157 847 2220 celsa
869 2159 1038 2222 'venenum

206 2262 319 2327 Saevit
342 2262 376 2326 in
401 2263 546 2327 auctoris
570 2264 698 2327 viscera
722 2263 794 2328 iure
818 2265 880 2328 sui.

160 2368 232 2433 Hoc
256 2389 324 2433 uno
347 2370 439 2433 virus
464 2389 530 2434 non
554 2368 774 2450 perniciosius
798 2370 911 2443 ullum,

205 2475 275 2539 Nec
300 2475 394 2540 Circe
418 2478 548 2540 tantum
573 2496 634 2540 nec
658 2475 768 2558 Stygis
792 2477 882 2541 unda
905 2479 1012 2540 nocet.

159 2582 288 2646 Evertit
312 2582 499 2666 mentisque
523 2585 649 2647 statum
673 2583 849 2665 cordisque
873 2583 1020 2665 quietem

91 2693 135 2753 20
203 2689 256 2753 Ira
279 2689 470 2772 procelloso
490 2707 644 2772 quaeque
670 2689 781 2754 surore
805 2708 915 2753 ruens.

160 2797 261 2878 lgnea
285 2815 360 2860 non.
375 2797 458 2861 adeo
483 2795 674 2861 disturbant
697 2797 763 2860 tola
786 2796 932 2860 tonantis

206 2902 323 2967 Aenos
348 2906 487 2974 montes.
511 2902 613 2985 pestis
637 2905 676 2966 ut
698 2902 763 2967 ista
787 2903 904 2967 virum.

160 3009 260 3074 Exuit
286 3010 429 3073 humano
453 3008 602 3091 placidos
626 3009 668 3073 de
691 3013 827 3091 pectore
851 3030 970 3085 mores,

205 3117 243 3180 In
268 3115 394 3181 rabiem
418 3117 509 3180 saevi
534 3135 626 3180 more
650 3115 755 3180 leonis
780 3115 854 3197 agit.

92 3228 135 3288 25
159 3223 336 3306 Improbus
359 3224 515 3288 aureolae
539 3224 664 3287 servire
688 3222 810 3304 cupido
834 3226 986 3287 monetae

205 3331 300 3412 Cogit
324 3333 357 3394 et
380 3329 591 3394 immemores
616 3329 762 3393 numinis
787 3349 860 3392 osso
885 3330 972 3394 facit.

116 3510 120 3515 ,
158 3437 227 3501 Ista
250 3435 321 3501 sitis
346 3436 447 3501 nullis
471 3456 619 3527 unquam
644 3435 860 3517 restinguitur
886 3435 992 3511 undis,

205 3542 350 3609 Tollitur
374 3544 457 3608 baec
481 3543 573 3607 nullo
597 3543 695 3606 noxia
719 3561 806 3623 pane
831 3543 945 3606 fames.

160 3651 302 3715 Sordida
325 3649 497 3714 lucifluam
521 3649 685 3713 deformat
708 3648 844 3730 crapula
868 3650 1014 3712 mentem

94 3760 138 3821 30
205 3757 274 3821 Nec
298 3757 379 3821 sinit
401 3756 436 3820 in
460 3757 567 3821 celsos
591 3756 693 3819 corda
718 3755 827 3819 levare.
851 3754 955 3837 polos

162 3863 324 3928 Luxuries
346 3863 471 3928 blanda
493 3865 648 3947 penetrat
672 3862 848 3926 dulcedine
872 3866 991 3944 pectus

205 3970 426 4052 Pernicieque
450 3969 540 4052 gravi
565 3970 665 4034 corde
691 3973 827 4051 recepta
851 3968 940 4032 furit.

160 4078 268 4155 Quam
291 4077 388 4143 foeda
411 4077 553 4140 miseros
576 4075 771 4158 constringit
796 4074 937 4151 acidia¹)
962 4076 1059 4149 mole,

205 4183 280 4261 Quo
302 4183 427 4266 fugitur
450 4182 555 4247 virtus
579 4182 822 4264 negligiturque
847 4181 945 4245 dous!

94 4293 136 4356 35
162 4291 252 4355 Haec
277 4291 334 4355 ubi
358 4293 552 4373 grassantur·
576 4288 724 4353 crudelia
748 4291 896 4352 monstra
920 4288 1045 4364 salutis
