2632 4718
74 39 1308 374 —

605 708 843 774 -112-

261 882 349 949 Hinc
372 884 517 951 Batavos
539 889 672 967 vexant,
696 886 786 951 illinc
810 887 1174 970 adversaSygarnbros

307 989 446 1067 Proelia,
470 989 507 1055 fit
530 991 654 1074 passim
678 993 782 1056 milite
805 993 931 1074 praeda
953 994 1034 1058 fero.

261 1096 335 1174 Qua
358 1099 442 1180 petit
466 1098 637 1163 Oceanum
660 1098 725 1163 tria
748 1103 860 1164 sectus
883 1098 919 1163 in
942 1099 1028 1164 ostia
1052 1100 1201 1180 Rhenus,

304 1205 379 1282 Qua
402 1204 528 1288 liquido
552 1206 676 1270 Mosam
700 1206 838 1272 flumine
863 1207 957 1271 Rura
981 1208 1080 1287 subit,

195 1314 235 1375 da
261 1311 339 1376 Otia
361 1311 552 1394 turbantur,
575 1312 692 1395 populi
716 1313 910 1396 praedivitis
935 1313 1005 1395 agri

304 1419 493 1496 vastantur,
517 1418 665 1484 celebres
689 1418 893 1502 diripiuntur
915 1439 1007 1503 opes,

260 1524 369 1604 Reges
392 1526 492 1607 atque
515 1525 616 1590 duces
640 1525 748 1607 patria
771 1528 804 1590 te
828 1527 952 1608 pellere
976 1527 1119 1607 tentant,

304 1630 346 1694 Et
368 1630 448 1696 clari
471 1650 625 1714 proceres
650 1631 799 1715 undique
821 1633 857 1696 in
881 1653 972 1698 arma
997 1635 1113 1713 ruuut;

259 1735 305 1799 At
329 1755 467 1819 superas
490 1757 603 1801 rerum
626 1737 819 1802 discrimina
842 1737 931 1803 mille
954 1740 1005 1803 tot
1028 1758 1144 1817 annos,

87 1839 90 1850 '
196 1843 237 1907 70
306 1843 375 1908 Nec
398 1843 504 1908 virtus
528 1844 587 1908 ulli
612 1843 827 1909 succubuisse
851 1847 971 1929 potest.

74 4402 146 4416 ι*

260 1949 416 2031 Egregius
440 1951 551 2015 munis
574 1951 653 2015 belli
677 1950 888 2016 doctissimus
913 1952 1021 2030 urbes,
1128 1953 1133 1966 '

303 2056 445 2121 Exerces
468 2059 566 2123 cauto
588 2059 723 2141 pectore
747 2057 861 2122 Martis
884 2078 978 2141 opus.

260 2163 393 2228 Primus
416 2164 482 2229 inis
506 2184 661 2247 pugnam,
686 2165 866 2231 committis
890 2166 1018 2247 proelia
1042 2166 1180 2248 primus,

304 2270 374 2335 Nec
397 2271 527 2353 pedites
551 2271 637 2336 iuter
660 2274 693 2335 te
717 2273 823 2354 pudet
845 2272 891 2337 ire
915 2273 998 2337 loeo.

194 2377 234 2442 75
259 2377 391 2442 Cautirn
415 2381 524 2442 castra
548 2379 647 2455 locas,
672 2379 774 2444 acieru
800 2380 959 2462 disponis,
984 2380 1107 2462 ubique

303 2484 417 2549 Militis
441 2489 543 2567 atque
567 2485 660 2550 ducis
685 2485 831 2567 iungeris
855 2485 975 2552 officio.

193 2630 200 2641 ·
259 2592 298 2655 In
321 2593 354 2655 te
379 2591 553 2674 Scipiadae
577 2592 655 2657 clari
681 2594 895 2675 pyrrhusque
920 2581 1048 2672 revixit,

308 2697 368 2762 Est
392 2700 425 2761 et
449 2699 606 2763 avarities
631 2699 852 2781 molliticsque
876 2700 1013 2782 proculi

260 2804 334 2868 Non
359 2803 455 2886 pigro
480 2807 584 2870 totam
609 2825 725 2871 sorano
749 2826 946 2870 consumere
971 2810 1111 2885 noctem,

192 2913 235 2976 80
303 2911 442 2975 Fercula
465 2931 532 2974 uorr
557 2912 653 2976 aride
676 2912 767 2976 lauta
791 2931 910 2995 parare
934 2914 1030 2991 soles,

259 3018 328 3082 Nec
351 3019 411 3082 tibi
436 3019 599 3101 elirropale
624 3020 726 3097 cordi,
751 3022 808 3083 scd
832 3021 961 3103 proelia
985 3020 1114 3086 Martis:

303 3125 438 3189 Artibus
463 3128 514 3190 his
539 3126 651 3191 hostes
675 3128 810 3191 vincere
835 3147 935 3210 saepe
960 3129 1067 3191 datur.
1124 3116 1127 3121 ’

258 3232 431 3297 Finitimos
454 3252 656 3314 quamquam
679 3234 827 3298 bellaudi
851 3235 954 3316 gioria
978 3235 1067 3299 toltit

303 3340 345 3403 Et
368 3340 511 3422 populos
535 3339 641 3403 virtus
666 3340 841 3404 nobilitare
866 3342 964 3421 solet,

192 3448 234 3511 85
260 3445 303 3509 ili
328 3448 441 3510 tamen
465 3445 564 3510 ericii
588 3447 766 3511 metuendo
791 3449 894 3512 Marte
919 3448 1018 3511 saluti

303 3553 409 3636 Saepe
433 3573 512 3617 suae
536 3553 667 3636 trepida
689 3555 886 3618 consuluere
911 3556 996 3636 suga.

258 3659 396 3724 Illorum
419 3659 546 3723 ualidas
570 3659 687 3742 cepisti
712 3662 841 3725 sortiter
865 3681 967 3737 arces,

303 3766 460 3848 Captiras
483 3767 598 3831 turbas
623 3766 657 3830 iu
682 3768 740 3831 tua
763 3767 869 3832 riucla
894 3768 1040 3832 traheris.

258 3872 325 3936 Sed
350 3892 458 3954 ireque
482 3871 624 3937 victores
647 3892 794 3955 uuquam
820 3875 891 3937 sine
915 3877 1022 3954 strage
1047 3893 1183 3937 suorum

192 3982 234 4044 90
302 3979 340 4042 Iu
365 3980 519 4061 proprios
543 3979 604 4043 risi
628 3984 705 4043 suut
729 3980 868 4045 rediisse
894 3982 1006 4045 Lares.

258 4086 322 4163 Qui
347 4086 406 4149 tibi
430 4086 596 4150 couiuucti
621 4089 713 4150 certa
736 4087 764 4151 si
789 4107 870 4170 pace
894 4088 1046 4166 tuissent,

303 4193 415 4257 Ausus
439 4213 536 4257 nemo
560 4194 645 4257 soret
668 4195 755 4258 bella
779 4214 911 4258 morere
938 4195 1007 4258 tibi.

254 4299 300 4365 Ar
323 4301 371 4364 sic
394 4301 461 4365 iata
486 4299 611 4380 volunt,
635 4300 681 4364 sic
706 4301 830 4364 arduus
854 4300 997 4383 imperat
1021 4301 1145 4380 aether,
