<?xml version="1.0" encoding="UTF-8"?>
<!DOCTYPE html PUBLIC "-//W3C//DTD XHTML 1.0 Transitional//EN"
    "http://www.w3.org/TR/xhtml1/DTD/xhtml1-transitional.dtd">
<html xmlns="http://www.w3.org/1999/xhtml" xml:lang="en" lang="en">
 <head>
  <title>
</title>
<meta http-equiv="Content-Type" content="text/html;charset=utf-8" />
  <meta name='ocr-system' content='tesseract 3.04.00' />
  <meta name='ocr-capabilities' content='ocr_page ocr_carea ocr_par ocr_line ocrx_word'/>
</head>
<body>
  <div class='ocr_page' id='page_1' title='image "./ausgewhltewerke00bmgoog_0087.png"; bbox 0 0 2632 4718; ppageno 0'>
   <div class='ocr_carea' id='block_1_1' title="bbox 603 572 825 642">
    <p class='ocr_par' dir='ltr' id='par_1_1' title="bbox 603 572 825 642">
     <span class='ocr_line' id='line_1_1' title="bbox 603 572 825 642; baseline -0.005 -18"><span class='ocrx_word' id='word_1_1' title='bbox 603 572 825 642; x_wconf 60' lang='lat'>..34-</span> 
     </span>
    </p>
   </div>
   <div class='ocr_carea' id='block_1_2' title="bbox 189 753 1255 2231">
    <p class='ocr_par' dir='ltr' id='par_1_2' title="bbox 189 753 1255 2231">
     <span class='ocr_line' id='line_1_2' title="bbox 273 753 1248 833; baseline -0.001 -12"><span class='ocrx_word' id='word_1_2' title='bbox 273 755 384 822; x_wconf 91' lang='lat' dir='ltr'><strong>omnia</strong></span> <span class='ocrx_word' id='word_1_3' title='bbox 407 754 592 820; x_wconf 80' lang='lat' dir='ltr'><strong>carendum</strong></span> <span class='ocrx_word' id='word_1_4' title='bbox 616 757 677 833; x_wconf 92' lang='lat' dir='ltr'><strong>est,</strong></span> <span class='ocrx_word' id='word_1_5' title='bbox 701 775 743 820; x_wconf 93' lang='lat' dir='ltr'><strong>ne</strong></span> <span class='ocrx_word' id='word_1_6' title='bbox 767 756 825 819; x_wconf 90' lang='lat' dir='ltr'><strong>aut</strong></span> <span class='ocrx_word' id='word_1_7' title='bbox 848 753 1006 820; x_wconf 85' lang='lat' dir='ltr'><strong>diuturna</strong></span> <span class='ocrx_word' id='word_1_8' title='bbox 1025 753 1248 820; x_wconf 89' lang='lat' dir='ltr'><strong>sollicitudine</strong></span> 
     </span>
     <span class='ocr_line' id='line_1_3' title="bbox 274 861 1247 946; baseline 0.002 -20"><span class='ocrx_word' id='word_1_9' title='bbox 274 866 332 927; x_wconf 88' lang='lat' dir='ltr'><strong>aut</strong></span> <span class='ocrx_word' id='word_1_10' title='bbox 344 862 434 944; x_wconf 79' lang='lat' dir='ltr'><strong>gravi</strong></span> <span class='ocrx_word' id='word_1_11' title='bbox 448 866 582 944; x_wconf 84' lang='lat' dir='ltr'><strong>torpore</strong></span> <span class='ocrx_word' id='word_1_12' title='bbox 596 864 629 927; x_wconf 92' lang='lat' dir='ltr'><strong>et</strong></span> <span class='ocrx_word' id='word_1_13' title='bbox 641 864 737 946; x_wconf 90' lang='lat' dir='ltr'><strong>quasi</strong></span> <span class='ocrx_word' id='word_1_14' title='bbox 752 862 900 944; x_wconf 80' lang='lat' dir='ltr'>lethargo</span> <span class='ocrx_word' id='word_1_15' title='bbox 909 861 1067 926; x_wconf 89' lang='lat' dir='ltr'><strong>memoria</strong></span> <span class='ocrx_word' id='word_1_16' title='bbox 1074 862 1247 928; x_wconf 86' lang='lat' dir='ltr'><strong>obruatur.</strong></span> 
     </span>
     <span class='ocr_line' id='line_1_4' title="bbox 189 968 1249 1051; baseline -0.001 -16"><span class='ocrx_word' id='word_1_17' title='bbox 189 972 229 1036; x_wconf 87' lang='lat'><strong>10</strong></span> <span class='ocrx_word' id='word_1_18' title='bbox 274 971 416 1034; x_wconf 81' lang='lat' dir='ltr'>Maxime</span> <span class='ocrx_word' id='word_1_19' title='bbox 440 970 541 1034; x_wconf 89' lang='lat' dir='ltr'><strong>ctiam</strong></span> <span class='ocrx_word' id='word_1_20' title='bbox 565 970 741 1034; x_wconf 80' lang='lat' dir='ltr'>ebriositas</span> <span class='ocrx_word' id='word_1_21' title='bbox 765 968 901 1035; x_wconf 79' lang='lat' dir='ltr'><strong>iilanda</strong></span> <span class='ocrx_word' id='word_1_22' title='bbox 923 971 985 1047; x_wconf 90' lang='lat' dir='ltr'><strong>est,</strong></span> <span class='ocrx_word' id='word_1_23' title='bbox 1009 988 1076 1051; x_wconf 86' lang='lat' dir='ltr'><strong>qua</strong></span> <span class='ocrx_word' id='word_1_24' title='bbox 1097 969 1181 1034; x_wconf 85' lang='lat' dir='ltr'>nihil</span> <span class='ocrx_word' id='word_1_25' title='bbox 1198 971 1249 1034; x_wconf 91' lang='lat' dir='ltr'><strong>est</strong></span> 
     </span>
     <span class='ocr_line' id='line_1_5' title="bbox 274 1075 1249 1161; baseline -0.001 -20"><span class='ocrx_word' id='word_1_26' title='bbox 274 1076 378 1141; x_wconf 89' lang='lat' dir='ltr'><strong>menti</strong></span> <span class='ocrx_word' id='word_1_27' title='bbox 401 1075 637 1161; x_wconf 85' lang='lat' dir='ltr'><strong>perniciosius3</strong></span> <span class='ocrx_word' id='word_1_28' title='bbox 659 1097 734 1141; x_wconf 91' lang='lat' dir='ltr'><strong>nam</strong></span> <span class='ocrx_word' id='word_1_29' title='bbox 751 1075 808 1142; x_wconf 92' lang='lat' dir='ltr'><strong>illa</strong></span> <span class='ocrx_word' id='word_1_30' title='bbox 824 1096 980 1141; x_wconf 90' lang='lat' dir='ltr'><strong>sensuum</strong></span> <span class='ocrx_word' id='word_1_31' title='bbox 998 1079 1033 1140; x_wconf 90' lang='lat' dir='ltr'><strong>et</strong></span> <span class='ocrx_word' id='word_1_32' title='bbox 1048 1077 1249 1142; x_wconf 78' lang='lat' dir='ltr'><strong>exteriorum</strong></span> 
     </span>
     <span class='ocr_line' id='line_1_6' title="bbox 275 1184 1250 1267; baseline -0.002 -18"><span class='ocrx_word' id='word_1_33' title='bbox 275 1186 308 1249; x_wconf 88' lang='lat' dir='ltr'><strong>et</strong></span> <span class='ocrx_word' id='word_1_34' title='bbox 335 1185 531 1249; x_wconf 88' lang='lat' dir='ltr'><strong>interiorum</strong></span> <span class='ocrx_word' id='word_1_35' title='bbox 560 1204 683 1267; x_wconf 81' lang='lat' dir='ltr'><strong>organa</strong></span> <span class='ocrx_word' id='word_1_36' title='bbox 719 1184 899 1249; x_wconf 88' lang='lat' dir='ltr'><strong>labefactat</strong></span> <span class='ocrx_word' id='word_1_37' title='bbox 924 1184 1141 1266; x_wconf 90' lang='lat' dir='ltr'><strong>animumque</strong></span> <span class='ocrx_word' id='word_1_38' title='bbox 1171 1201 1250 1248; x_wconf 86' lang='lat' dir='ltr'><strong>cum</strong></span> 
     </span>
     <span class='ocr_line' id='line_1_7' title="bbox 274 1290 1250 1375; baseline 0 -20"><span class='ocrx_word' id='word_1_39' title='bbox 274 1294 346 1357; x_wconf 88' lang='lat' dir='ltr'><strong>toto</strong></span> <span class='ocrx_word' id='word_1_40' title='bbox 370 1311 508 1375; x_wconf 89' lang='lat' dir='ltr'><strong>corpore</strong></span> <span class='ocrx_word' id='word_1_41' title='bbox 532 1291 709 1356; x_wconf 79' lang='lat' dir='ltr'><strong>disturbat.</strong></span> <span class='ocrx_word' id='word_1_42' title='bbox 757 1291 968 1374; x_wconf 82' lang='lat' dir='ltr'><strong>Quapropter</strong></span> <span class='ocrx_word' id='word_1_43' title='bbox 990 1290 1164 1355; x_wconf 87' lang='lat' dir='ltr'><strong>temulenti</strong></span> <span class='ocrx_word' id='word_1_44' title='bbox 1187 1309 1250 1374; x_wconf 91' lang='lat' dir='ltr'><strong>po·</strong></span> 
     </span>
     <span class='ocr_line' id='line_1_8' title="bbox 274 1395 1250 1482; baseline 0 -21"><span class='ocrx_word' id='word_1_45' title='bbox 274 1398 414 1482; x_wconf 91' lang='lat' dir='ltr'><strong>pinones</strong></span> <span class='ocrx_word' id='word_1_46' title='bbox 438 1419 457 1463; x_wconf 92' lang='lat' dir='ltr'><strong>a</strong></span> <span class='ocrx_word' id='word_1_47' title='bbox 481 1399 588 1463; x_wconf 88' lang='lat' dir='ltr'><strong>beluis</strong></span> <span class='ocrx_word' id='word_1_48' title='bbox 611 1398 676 1462; x_wconf 89' lang='lat' dir='ltr'><strong>nisi</strong></span> <span class='ocrx_word' id='word_1_49' title='bbox 692 1397 798 1480; x_wconf 80' lang='lat' dir='ltr'><strong>figura</strong></span> <span class='ocrx_word' id='word_1_50' title='bbox 821 1417 888 1461; x_wconf 90' lang='lat' dir='ltr'><strong>non</strong></span> <span class='ocrx_word' id='word_1_51' title='bbox 910 1397 1046 1473; x_wconf 88' lang='lat' dir='ltr'><strong>distant,</strong></span> <span class='ocrx_word' id='word_1_52' title='bbox 1069 1395 1250 1480; x_wconf 91' lang='lat' dir='ltr'><strong>inquibus</strong></span> 
     </span>
     <span class='ocr_line' id='line_1_9' title="bbox 191 1502 1251 1588; baseline -0.004 -17"><span class='ocrx_word' id='word_1_53' title='bbox 191 1508 229 1571; x_wconf 88' lang='lat'><strong>15</strong></span> <span class='ocrx_word' id='word_1_54' title='bbox 276 1525 337 1570; x_wconf 92' lang='lat' dir='ltr'><strong>nec</strong></span> <span class='ocrx_word' id='word_1_55' title='bbox 360 1524 421 1588; x_wconf 86' lang='lat' dir='ltr'><strong>pes</strong></span> <span class='ocrx_word' id='word_1_56' title='bbox 444 1525 505 1570; x_wconf 91' lang='lat' dir='ltr'><strong>nec</strong></span> <span class='ocrx_word' id='word_1_57' title='bbox 528 1525 622 1570; x_wconf 91' lang='lat' dir='ltr'><strong>mens</strong></span> <span class='ocrx_word' id='word_1_58' title='bbox 644 1525 740 1570; x_wconf 91' lang='lat' dir='ltr'><strong>suurn</strong></span> <span class='ocrx_word' id='word_1_59' title='bbox 757 1504 837 1570; x_wconf 88' lang='lat' dir='ltr'><strong>satis</strong></span> <span class='ocrx_word' id='word_1_60' title='bbox 853 1503 999 1570; x_wconf 83' lang='lat' dir='ltr'><strong>officium</strong></span> <span class='ocrx_word' id='word_1_61' title='bbox 1016 1503 1103 1568; x_wconf 85' lang='lat' dir='ltr'><strong>lacit.</strong></span> <span class='ocrx_word' id='word_1_62' title='bbox 1128 1502 1251 1587; x_wconf 83' lang='lat' dir='ltr'><strong>Capilli</strong></span> 
     </span>
     <span class='ocr_line' id='line_1_10' title="bbox 277 1613 1252 1695; baseline -0.002 -19"><span class='ocrx_word' id='word_1_63' title='bbox 277 1632 377 1695; x_wconf 85' lang='lat' dir='ltr'><strong>saepe</strong></span> <span class='ocrx_word' id='word_1_64' title='bbox 400 1613 557 1695; x_wconf 80' lang='lat' dir='ltr'><strong>pertendi</strong></span> <span class='ocrx_word' id='word_1_65' title='bbox 586 1615 682 1693; x_wconf 91' lang='lat' dir='ltr'><strong>sunt,</strong></span> <span class='ocrx_word' id='word_1_66' title='bbox 712 1632 779 1677; x_wconf 92' lang='lat' dir='ltr'><strong>non</strong></span> <span class='ocrx_word' id='word_1_67' title='bbox 807 1614 890 1691; x_wconf 89' lang='lat' dir='ltr'><strong>tarn,</strong></span> <span class='ocrx_word' id='word_1_68' title='bbox 921 1615 959 1675; x_wconf 91' lang='lat' dir='ltr'><strong>ut</strong></span> <span class='ocrx_word' id='word_1_69' title='bbox 985 1614 1138 1695; x_wconf 90' lang='lat' dir='ltr'><strong>comptus</strong></span> <span class='ocrx_word' id='word_1_70' title='bbox 1164 1630 1252 1694; x_wconf 91' lang='lat' dir='ltr'><strong>puer</strong></span> 
     </span>
     <span class='ocr_line' id='line_1_11' title="bbox 277 1716 1252 1802; baseline -0.002 -18"><span class='ocrx_word' id='word_1_71' title='bbox 277 1719 515 1801; x_wconf 81' lang='lat' dir='ltr'><strong>conspiciatur,</strong></span> <span class='ocrx_word' id='word_1_72' title='bbox 550 1738 652 1802; x_wconf 88' lang='lat' dir='ltr'><strong>quam</strong></span> <span class='ocrx_word' id='word_1_73' title='bbox 679 1722 717 1784; x_wconf 92' lang='lat' dir='ltr'><strong>ut</strong></span> <span class='ocrx_word' id='word_1_74' title='bbox 752 1719 870 1784; x_wconf 89' lang='lat' dir='ltr'><strong>melius</strong></span> <span class='ocrx_word' id='word_1_75' title='bbox 898 1718 1018 1783; x_wconf 90' lang='lat' dir='ltr'><strong>cellula</strong></span> <span class='ocrx_word' id='word_1_76' title='bbox 1049 1716 1252 1782; x_wconf 86' lang='lat' dir='ltr'><strong>memorialis</strong></span> 
     </span>
     <span class='ocr_line' id='line_1_12' title="bbox 277 1823 1253 1908; baseline 0 -18"><span class='ocrx_word' id='word_1_77' title='bbox 277 1827 396 1906; x_wconf 88' lang='lat' dir='ltr'><strong>valeat,</strong></span> <span class='ocrx_word' id='word_1_78' title='bbox 421 1827 474 1891; x_wconf 91' lang='lat' dir='ltr'><strong>cui</strong></span> <span class='ocrx_word' id='word_1_79' title='bbox 498 1825 760 1908; x_wconf 88' lang='lat' dir='ltr'><strong>pretiosissimus</strong></span> <span class='ocrx_word' id='word_1_80' title='bbox 783 1827 1016 1908; x_wconf 88' lang='lat' dir='ltr'><strong>perceptarum</strong></span> <span class='ocrx_word' id='word_1_81' title='bbox 1040 1843 1153 1889; x_wconf 83' lang='lat' dir='ltr'><strong>rerum</strong></span> <span class='ocrx_word' id='word_1_82' title='bbox 1177 1823 1253 1890; x_wconf 88' lang='lat' dir='ltr'><strong>tire-</strong></span> 
     </span>
     <span class='ocr_line' id='line_1_13' title="bbox 279 1931 1254 2016; baseline 0 -20"><span class='ocrx_word' id='word_1_83' title='bbox 279 1953 397 1998; x_wconf 85' lang='lat' dir='ltr'><strong>saurus</strong></span> <span class='ocrx_word' id='word_1_84' title='bbox 420 1934 705 1998; x_wconf 88' lang='lat' dir='ltr'><strong>commendaudus</strong></span> <span class='ocrx_word' id='word_1_85' title='bbox 729 1937 788 1998; x_wconf 88' lang='lat' dir='ltr'><strong>est.</strong></span> <span class='ocrx_word' id='word_1_86' title='bbox 829 1934 897 1998; x_wconf 92' lang='lat' dir='ltr'><strong>Sed</strong></span> <span class='ocrx_word' id='word_1_87' title='bbox 920 1933 1003 1997; x_wconf 88' lang='lat' dir='ltr'><strong>haec</strong></span> <span class='ocrx_word' id='word_1_88' title='bbox 1025 1932 1170 2016; x_wconf 90' lang='lat' dir='ltr'><strong>paucula</strong></span> <span class='ocrx_word' id='word_1_89' title='bbox 1193 1931 1254 1996; x_wconf 87' lang='lat' dir='ltr'><strong>ad·</strong></span> 
     </span>
     <span class='ocr_line' id='line_1_14' title="bbox 191 2039 1255 2122; baseline -0.002 -17"><span class='ocrx_word' id='word_1_90' title='bbox 191 2042 234 2105; x_wconf 67' lang='lat'><strong>20</strong></span> <span class='ocrx_word' id='word_1_91' title='bbox 281 2042 449 2106; x_wconf 87' lang='lat' dir='ltr'><strong>monuisse</strong></span> <span class='ocrx_word' id='word_1_92' title='bbox 473 2041 555 2106; x_wconf 90' lang='lat' dir='ltr'><strong>satis</strong></span> <span class='ocrx_word' id='word_1_93' title='bbox 579 2041 631 2106; x_wconf 89' lang='lat' dir='ltr'><strong>sit.</strong></span> <span class='ocrx_word' id='word_1_94' title='bbox 680 2042 726 2105; x_wconf 88' lang='lat' dir='ltr'><strong>De</strong></span> <span class='ocrx_word' id='word_1_95' title='bbox 754 2039 910 2122; x_wconf 89' lang='lat' dir='ltr'><strong>reliquis,</strong></span> <span class='ocrx_word' id='word_1_96' title='bbox 941 2039 1062 2122; x_wconf 92' lang='lat' dir='ltr'><strong>quibus</strong></span> <span class='ocrx_word' id='word_1_97' title='bbox 1094 2039 1255 2104; x_wconf 88' lang='lat' dir='ltr'><strong>memoria</strong></span> 
     </span>
     <span class='ocr_line' id='line_1_15' title="bbox 279 2146 1253 2231; baseline -0.002 -20"><span class='ocrx_word' id='word_1_98' title='bbox 279 2148 384 2212; x_wconf 84' lang='lat' dir='ltr'><strong>iurari</strong></span> <span class='ocrx_word' id='word_1_99' title='bbox 409 2147 525 2231; x_wconf 86' lang='lat' dir='ltr'><strong>possit,</strong></span> <span class='ocrx_word' id='word_1_100' title='bbox 550 2148 679 2215; x_wconf 84' lang='lat' dir='ltr'><strong>medici.</strong></span> <span class='ocrx_word' id='word_1_101' title='bbox 705 2148 730 2212; x_wconf 90' lang='lat' dir='ltr'><strong>si</strong></span> <span class='ocrx_word' id='word_1_102' title='bbox 758 2147 862 2212; x_wconf 85' lang='lat' dir='ltr'><strong>risum</strong></span> <span class='ocrx_word' id='word_1_103' title='bbox 886 2146 997 2226; x_wconf 85' lang='lat' dir='ltr'><strong>luerit,</strong></span> <span class='ocrx_word' id='word_1_104' title='bbox 1022 2146 1253 2211; x_wconf 86' lang='lat' dir='ltr'><strong>consulantur.</strong></span> 
     </span>
    </p>
   </div>
   <div class='ocr_carea' id='block_1_3' title="bbox 680 2382 766 2446">
    <p class='ocr_par' dir='ltr' id='par_1_3' title="bbox 680 2382 766 2446">
     <span class='ocr_line' id='line_1_16' title="bbox 680 2382 766 2446; baseline -0.023 0"><span class='ocrx_word' id='word_1_105' title='bbox 680 2382 766 2446; x_wconf 75' lang='lat' dir='ltr'><strong>Vlll.</strong></span> 
     </span>
    </p>
   </div>
   <div class='ocr_carea' id='block_1_4' title="bbox 313 2518 1128 2698">
    <p class='ocr_par' dir='ltr' id='par_1_4' title="bbox 313 2518 1128 2698">
     <span class='ocr_line' id='line_1_17' title="bbox 313 2518 1128 2617; baseline -0.004 -25"><span class='ocrx_word' id='word_1_106' title='bbox 313 2521 432 2617; x_wconf 80' lang='lat' dir='ltr'><strong>Quod</strong></span> <span class='ocrx_word' id='word_1_107' title='bbox 453 2521 562 2592; x_wconf 86' lang='lat' dir='ltr'><strong>bona</strong></span> <span class='ocrx_word' id='word_1_108' title='bbox 583 2521 770 2591; x_wconf 82' lang='lat' dir='ltr'><strong>valetudo</strong></span> <span class='ocrx_word' id='word_1_109' title='bbox 794 2520 955 2590; x_wconf 84' lang='lat' dir='ltr'><strong>studere</strong></span> <span class='ocrx_word' id='word_1_110' title='bbox 978 2518 1128 2590; x_wconf 81' lang='lat' dir='ltr'><strong>volenti</strong></span> 
     </span>
     <span class='ocr_line' id='line_1_18' title="bbox 563 2628 882 2698; baseline -0.006 0"><span class='ocrx_word' id='word_1_111' title='bbox 563 2628 789 2698; x_wconf 79' lang='lat' dir='ltr'><strong>necessaria</strong></span> <span class='ocrx_word' id='word_1_112' title='bbox 812 2632 882 2697; x_wconf 87' lang='lat' dir='ltr'><strong>est.</strong></span> 
     </span>
    </p>
   </div>
   <div class='ocr_carea' id='block_1_5' title="bbox 201 2788 1264 4267">
    <p class='ocr_par' dir='ltr' id='par_1_5' title="bbox 219 2788 1258 3193">
     <span class='ocr_line' id='line_1_19' title="bbox 219 2788 1257 2872; baseline -0.003 -16"><span class='ocrx_word' id='word_1_113' title='bbox 219 2794 232 2856; x_wconf 87' lang='lat'>1</span> <span class='ocrx_word' id='word_1_114' title='bbox 281 2793 319 2856; x_wconf 94' lang='lat' dir='ltr'><strong>ln</strong></span> <span class='ocrx_word' id='word_1_115' title='bbox 343 2791 434 2854; x_wconf 91' lang='lat' dir='ltr'><strong>omni</strong></span> <span class='ocrx_word' id='word_1_116' title='bbox 450 2790 636 2856; x_wconf 90' lang='lat' dir='ltr'><strong>studiorum</strong></span> <span class='ocrx_word' id='word_1_117' title='bbox 653 2810 774 2872; x_wconf 85' lang='lat' dir='ltr'><strong>genere</strong></span> <span class='ocrx_word' id='word_1_118' title='bbox 791 2791 878 2855; x_wconf 90' lang='lat' dir='ltr'><strong>bona</strong></span> <span class='ocrx_word' id='word_1_119' title='bbox 894 2791 1051 2854; x_wconf 88' lang='lat' dir='ltr'><strong>valetudo</strong></span> <span class='ocrx_word' id='word_1_120' title='bbox 1068 2788 1257 2853; x_wconf 87' lang='lat' dir='ltr'><strong>necessaria</strong></span> 
     </span>
     <span class='ocr_line' id='line_1_20' title="bbox 283 2896 1257 2981; baseline -0.004 -18"><span class='ocrx_word' id='word_1_121' title='bbox 283 2904 343 2963; x_wconf 90' lang='lat' dir='ltr'><strong>est.</strong></span> <span class='ocrx_word' id='word_1_122' title='bbox 391 2898 536 2981; x_wconf 86' lang='lat' dir='ltr'><strong>Corpore</strong></span> <span class='ocrx_word' id='word_1_123' title='bbox 560 2897 647 2961; x_wconf 88' lang='lat' dir='ltr'><strong>enim</strong></span> <span class='ocrx_word' id='word_1_124' title='bbox 672 2898 757 2961; x_wconf 89' lang='lat' dir='ltr'><strong>male</strong></span> <span class='ocrx_word' id='word_1_125' title='bbox 782 2897 900 2962; x_wconf 83' lang='lat' dir='ltr'><strong>allecto</strong></span> <span class='ocrx_word' id='word_1_126' title='bbox 928 2916 1022 2961; x_wconf 91' lang='lat' dir='ltr'><strong>mens</strong></span> <span class='ocrx_word' id='word_1_127' title='bbox 1051 2896 1257 2978; x_wconf 87' lang='lat' dir='ltr'><strong>contempla·</strong></span> 
     </span>
     <span class='ocr_line' id='line_1_21' title="bbox 282 3003 1257 3086; baseline -0.002 -18"><span class='ocrx_word' id='word_1_128' title='bbox 282 3005 363 3070; x_wconf 93' lang='lat' dir='ltr'><strong>tioni</strong></span> <span class='ocrx_word' id='word_1_129' title='bbox 388 3006 498 3069; x_wconf 90' lang='lat' dir='ltr'><strong>minus</strong></span> <span class='ocrx_word' id='word_1_130' title='bbox 519 3004 640 3069; x_wconf 84' lang='lat' dir='ltr'><strong>idonea</strong></span> <span class='ocrx_word' id='word_1_131' title='bbox 657 3008 717 3068; x_wconf 88' lang='lat' dir='ltr'><strong>est.</strong></span> <span class='ocrx_word' id='word_1_132' title='bbox 748 3005 816 3070; x_wconf 90' lang='lat' dir='ltr'><strong>Scd</strong></span> <span class='ocrx_word' id='word_1_133' title='bbox 833 3009 869 3068; x_wconf 89' lang='lat' dir='ltr'><strong>ut</strong></span> <span class='ocrx_word' id='word_1_134' title='bbox 885 3024 1015 3086; x_wconf 90' lang='lat' dir='ltr'><strong>semper</strong></span> <span class='ocrx_word' id='word_1_135' title='bbox 1031 3005 1116 3068; x_wconf 91' lang='lat' dir='ltr'><strong>bene</strong></span> <span class='ocrx_word' id='word_1_136' title='bbox 1133 3003 1257 3083; x_wconf 83' lang='lat' dir='ltr'><strong>valeas,</strong></span> 
     </span>
     <span class='ocr_line' id='line_1_22' title="bbox 284 3109 1258 3193; baseline -0.002 -18"><span class='ocrx_word' id='word_1_137' title='bbox 284 3132 351 3176; x_wconf 88' lang='lat' dir='ltr'><strong>non</strong></span> <span class='ocrx_word' id='word_1_138' title='bbox 376 3115 425 3176; x_wconf 89' lang='lat' dir='ltr'><strong>est</strong></span> <span class='ocrx_word' id='word_1_139' title='bbox 448 3112 482 3175; x_wconf 92' lang='lat' dir='ltr'><strong>in</strong></span> <span class='ocrx_word' id='word_1_140' title='bbox 503 3115 561 3175; x_wconf 90' lang='lat' dir='ltr'><strong>tua</strong></span> <span class='ocrx_word' id='word_1_141' title='bbox 577 3132 676 3176; x_wconf 90' lang='lat' dir='ltr'><strong>manu</strong></span> <span class='ocrx_word' id='word_1_142' title='bbox 695 3111 920 3175; x_wconf 88' lang='lat' dir='ltr'><strong>constitutum.</strong></span> <span class='ocrx_word' id='word_1_143' title='bbox 947 3111 1104 3193; x_wconf 89' lang='lat' dir='ltr'><strong>Corporis</strong></span> <span class='ocrx_word' id='word_1_144' title='bbox 1121 3109 1258 3188; x_wconf 81' lang='lat' dir='ltr'><strong>sanitas,</strong></span> 
     </span>
    </p>

    <p class='ocr_par' dir='ltr' id='par_1_6' title="bbox 218 3218 1260 3730">
     <span class='ocr_line' id='line_1_23' title="bbox 218 3218 1259 3301; baseline -0.003 -19"><span class='ocrx_word' id='word_1_145' title='bbox 218 3221 237 3282; x_wconf 85' lang='lat'>5</span> <span class='ocrx_word' id='word_1_146' title='bbox 285 3219 566 3301; x_wconf 84' lang='lat' dir='ltr'><strong>quemadmodum</strong></span> <span class='ocrx_word' id='word_1_147' title='bbox 590 3218 653 3283; x_wconf 87' lang='lat' dir='ltr'><strong>alia</strong></span> <span class='ocrx_word' id='word_1_148' title='bbox 677 3220 776 3291; x_wconf 73' lang='lat' dir='ltr'><strong>bona,</strong></span> <span class='ocrx_word' id='word_1_149' title='bbox 801 3218 853 3282; x_wconf 86' lang='lat' dir='ltr'><strong>dei</strong></span> <span class='ocrx_word' id='word_1_150' title='bbox 878 3219 1001 3283; x_wconf 88' lang='lat' dir='ltr'><strong>donum</strong></span> <span class='ocrx_word' id='word_1_151' title='bbox 1026 3219 1086 3295; x_wconf 90' lang='lat' dir='ltr'><strong>est,</strong></span> <span class='ocrx_word' id='word_1_152' title='bbox 1118 3236 1200 3281; x_wconf 91' lang='lat' dir='ltr'><strong>auro</strong></span> <span class='ocrx_word' id='word_1_153' title='bbox 1223 3220 1259 3280; x_wconf 89' lang='lat' dir='ltr'><strong>et</strong></span> 
     </span>
     <span class='ocr_line' id='line_1_24' title="bbox 285 3324 1258 3407; baseline -0.001 -18"><span class='ocrx_word' id='word_1_154' title='bbox 285 3326 422 3407; x_wconf 82' lang='lat' dir='ltr'><strong>gemmis</strong></span> <span class='ocrx_word' id='word_1_155' title='bbox 447 3327 542 3407; x_wconf 83' lang='lat' dir='ltr'><strong>longo</strong></span> <span class='ocrx_word' id='word_1_156' title='bbox 567 3325 806 3407; x_wconf 88' lang='lat' dir='ltr'><strong>praestabilius.</strong></span> <span class='ocrx_word' id='word_1_157' title='bbox 832 3325 896 3389; x_wconf 87' lang='lat' dir='ltr'><strong>&#39;lui</strong></span> <span class='ocrx_word' id='word_1_158' title='bbox 917 3328 1030 3389; x_wconf 86' lang='lat' dir='ltr'><strong>tamen</strong></span> <span class='ocrx_word' id='word_1_159' title='bbox 1047 3324 1177 3389; x_wconf 90' lang='lat' dir='ltr'><strong>arbitrii</strong></span> <span class='ocrx_word' id='word_1_160' title='bbox 1195 3328 1258 3400; x_wconf 87' lang='lat' dir='ltr'><strong>est,</strong></span> 
     </span>
     <span class='ocr_line' id='line_1_25' title="bbox 285 3429 1259 3513; baseline 0 -17"><span class='ocrx_word' id='word_1_161' title='bbox 285 3433 528 3512; x_wconf 69' lang='lat' dir='ltr'><strong>frugalitatem,</strong></span> <span class='ocrx_word' id='word_1_162' title='bbox 568 3452 653 3513; x_wconf 82' lang='lat' dir='ltr'><strong>quae</strong></span> <span class='ocrx_word' id='word_1_163' title='bbox 692 3433 815 3497; x_wconf 88' lang='lat' dir='ltr'><strong>bonam</strong></span> <span class='ocrx_word' id='word_1_164' title='bbox 853 3433 1078 3496; x_wconf 78' lang='lat' dir='ltr'><strong>ualetudinem</strong></span> <span class='ocrx_word' id='word_1_165' title='bbox 1117 3429 1259 3496; x_wconf 86' lang='lat' dir='ltr'><strong>maxime</strong></span> 
     </span>
     <span class='ocr_line' id='line_1_26' title="bbox 285 3538 1260 3623; baseline -0.002 -19"><span class='ocrx_word' id='word_1_166' title='bbox 285 3542 444 3621; x_wconf 82' lang='lat' dir='ltr'><strong>praestat,</strong></span> <span class='ocrx_word' id='word_1_167' title='bbox 463 3541 625 3623; x_wconf 86' lang='lat' dir='ltr'><strong>amplecti.</strong></span> <span class='ocrx_word' id='word_1_168' title='bbox 657 3540 730 3617; x_wconf 84' lang='lat' dir='ltr'><strong>Qua</strong></span> <span class='ocrx_word' id='word_1_169' title='bbox 748 3541 788 3604; x_wconf 90' lang='lat' dir='ltr'><strong>de</strong></span> <span class='ocrx_word' id='word_1_170' title='bbox 805 3559 840 3603; x_wconf 87' lang='lat' dir='ltr'><strong>re</strong></span> <span class='ocrx_word' id='word_1_171' title='bbox 857 3540 982 3621; x_wconf 89' lang='lat' dir='ltr'><strong>optime</strong></span> <span class='ocrx_word' id='word_1_172' title='bbox 999 3538 1260 3622; x_wconf 87' lang='lat' dir='ltr'><strong>praecipientem</strong></span> 
     </span>
     <span class='ocr_line' id='line_1_27' title="bbox 287 3645 1260 3730; baseline -0.002 -19"><span class='ocrx_word' id='word_1_173' title='bbox 287 3648 504 3711; x_wconf 85' lang='lat' dir='ltr'><strong>Columellam</strong></span> <span class='ocrx_word' id='word_1_174' title='bbox 517 3647 542 3730; x_wconf 84' lang='lat'><strong>¹)</strong></span> <span class='ocrx_word' id='word_1_175' title='bbox 560 3647 655 3711; x_wconf 85' lang='lat' dir='ltr'><strong>audi:</strong></span> <span class='ocrx_word' id='word_1_176' title='bbox 682 3646 766 3726; x_wconf 86' lang='lat' dir='ltr'><strong>„Qui</strong></span> <span class='ocrx_word' id='word_1_177' title='bbox 782 3666 977 3728; x_wconf 82' lang='lat' dir='ltr'><strong>magnarum</strong></span> <span class='ocrx_word' id='word_1_178' title='bbox 994 3666 1103 3711; x_wconf 88' lang='lat' dir='ltr'><strong>rerum</strong></span> <span class='ocrx_word' id='word_1_179' title='bbox 1122 3645 1260 3728; x_wconf 90' lang='lat' dir='ltr'><strong>apicem,</strong></span> 
     </span>
    </p>

    <p class='ocr_par' dir='ltr' id='par_1_7' title="bbox 201 3753 1264 4267">
     <span class='ocr_line' id='line_1_28' title="bbox 201 3753 1261 3836; baseline -0.003 -17"><span class='ocrx_word' id='word_1_180' title='bbox 201 3757 241 3819; x_wconf 91' lang='grc'><strong>10</strong></span> <span class='ocrx_word' id='word_1_181' title='bbox 287 3759 358 3818; x_wconf 87' lang='lat' dir='ltr'><strong>turn</strong></span> <span class='ocrx_word' id='word_1_182' title='bbox 382 3759 415 3818; x_wconf 89' lang='lat' dir='ltr'><strong>et</strong></span> <span class='ocrx_word' id='word_1_183' title='bbox 440 3753 624 3819; x_wconf 88' lang='lat' dir='ltr'><strong>studiorum</strong></span> <span class='ocrx_word' id='word_1_184' title='bbox 648 3755 783 3834; x_wconf 79' lang='lat' dir='ltr'><strong>gloriam</strong></span> <span class='ocrx_word' id='word_1_185' title='bbox 803 3754 967 3836; x_wconf 79' lang='lat' dir='ltr'><strong>attingere</strong></span> <span class='ocrx_word' id='word_1_186' title='bbox 985 3755 1127 3836; x_wconf 87' lang='lat' dir='ltr'><strong>quaerit,</strong></span> <span class='ocrx_word' id='word_1_187' title='bbox 1151 3753 1261 3819; x_wconf 90' lang='lat' dir='ltr'><strong>somni</strong></span> 
     </span>
     <span class='ocr_line' id='line_1_29' title="bbox 288 3861 1261 3944; baseline -0.003 -18"><span class='ocrx_word' id='word_1_188' title='bbox 288 3867 320 3927; x_wconf 89' lang='lat' dir='ltr'><strong>et</strong></span> <span class='ocrx_word' id='word_1_189' title='bbox 345 3861 411 3926; x_wconf 72' lang='lat' dir='ltr'><strong>uini</strong></span> <span class='ocrx_word' id='word_1_190' title='bbox 437 3861 737 3926; x_wconf 83' lang='lat' dir='ltr'><strong>abstinentissimus</strong></span> <span class='ocrx_word' id='word_1_191' title='bbox 762 3861 805 3926; x_wconf 89' lang='lat' dir='ltr'><strong>sit</strong></span> <span class='ocrx_word' id='word_1_192' title='bbox 828 3864 975 3944; x_wconf 88' lang='lat' dir='ltr'><strong>oportet,</strong></span> <span class='ocrx_word' id='word_1_193' title='bbox 1006 3882 1093 3944; x_wconf 90' lang='lat' dir='ltr'><strong>quae</strong></span> <span class='ocrx_word' id='word_1_194' title='bbox 1118 3864 1261 3942; x_wconf 90' lang='lat' dir='ltr'><strong>utraque</strong></span> 
     </span>
     <span class='ocr_line' id='line_1_30' title="bbox 288 3968 1263 4050; baseline 0 -19"><span class='ocrx_word' id='word_1_195' title='bbox 288 3968 517 4034; x_wconf 87' lang='lat' dir='ltr'><strong>inimicissima</strong></span> <span class='ocrx_word' id='word_1_196' title='bbox 541 3973 618 4033; x_wconf 90' lang='lat' dir='ltr'><strong>sunt</strong></span> <span class='ocrx_word' id='word_1_197' title='bbox 642 3970 841 4050; x_wconf 72' lang='lat' dir='ltr'><strong>diligentiae.</strong></span> <span class='ocrx_word' id='word_1_198' title='bbox 868 3970 953 4034; x_wconf 73' lang='lat' dir='ltr'><strong>lt&#39;am</strong></span> <span class='ocrx_word' id='word_1_199' title='bbox 978 3972 1009 4033; x_wconf 91' lang='lat' dir='ltr'><strong>et</strong></span> <span class='ocrx_word' id='word_1_200' title='bbox 1033 3968 1165 4034; x_wconf 90' lang='lat' dir='ltr'><strong>ebrioso</strong></span> <span class='ocrx_word' id='word_1_201' title='bbox 1182 3986 1263 4032; x_wconf 83' lang='lat' dir='ltr'><strong>cura</strong></span> 
     </span>
     <span class='ocr_line' id='line_1_31' title="bbox 288 4073 1262 4158; baseline 0 -20"><span class='ocrx_word' id='word_1_202' title='bbox 288 4075 388 4139; x_wconf 85' lang='lat' dir='ltr'><strong>oifrcii</strong></span> <span class='ocrx_word' id='word_1_203' title='bbox 412 4077 539 4158; x_wconf 83' lang='lat' dir='ltr'><strong>pariter</strong></span> <span class='ocrx_word' id='word_1_204' title='bbox 563 4097 638 4141; x_wconf 91' lang='lat' dir='ltr'><strong>cum</strong></span> <span class='ocrx_word' id='word_1_205' title='bbox 662 4077 820 4141; x_wconf 88' lang='lat' dir='ltr'><strong>memoria</strong></span> <span class='ocrx_word' id='word_1_206' title='bbox 844 4077 1063 4149; x_wconf 82' lang='lat' dir='ltr'><strong>subtrahitur,</strong></span> <span class='ocrx_word' id='word_1_207' title='bbox 1087 4081 1120 4139; x_wconf 90' lang='lat' dir='ltr'><strong>et</strong></span> <span class='ocrx_word' id='word_1_208' title='bbox 1136 4073 1262 4139; x_wconf 91' lang='lat' dir='ltr'><strong>somni-</strong></span> 
     </span>
     <span class='ocr_line' id='line_1_32' title="bbox 289 4183 1264 4267; baseline -0.002 -20"><span class='ocrx_word' id='word_1_209' title='bbox 289 4184 440 4248; x_wconf 89' lang='lat' dir='ltr'><strong>culosum</strong></span> <span class='ocrx_word' id='word_1_210' title='bbox 463 4185 608 4267; x_wconf 87' lang='lat' dir='ltr'><strong>plurima</strong></span> <span class='ocrx_word' id='word_1_211' title='bbox 632 4184 802 4265; x_wconf 77' lang='lat' dir='ltr'><strong>effugiunt.</strong></span> <span class='ocrx_word' id='word_1_212' title='bbox 851 4184 938 4261; x_wconf 88' lang='lat' dir='ltr'><strong>Quid</strong></span> <span class='ocrx_word' id='word_1_213' title='bbox 964 4184 1053 4248; x_wconf 88' lang='lat' dir='ltr'><strong>enim</strong></span> <span class='ocrx_word' id='word_1_214' title='bbox 1075 4183 1181 4267; x_wconf 87' lang='lat' dir='ltr'><strong>possit</strong></span> <span class='ocrx_word' id='word_1_215' title='bbox 1205 4184 1264 4246; x_wconf 89' lang='lat' dir='ltr'><strong>aut</strong></span> 
     </span>
    </p>
   </div>
   <div class='ocr_carea' id='block_1_6' title="bbox 0 0 1341 4718">
    <p class='ocr_par' dir='ltr' id='par_1_8' title="bbox 0 0 1341 4718">
     <span class='ocr_line' id='line_1_33' title="bbox 0 0 1341 4718; baseline 0 0"><span class='ocrx_word' id='word_1_216' title='bbox 0 0 1341 4718; x_wconf 95' lang='lat' dir='ltr'><strong> </strong></span> 
     </span>
    </p>
   </div>
  </div>
 </body>
</html>
