<?xml version="1.0" encoding="UTF-8"?>
<!DOCTYPE html PUBLIC "-//W3C//DTD XHTML 1.0 Transitional//EN"
    "http://www.w3.org/TR/xhtml1/DTD/xhtml1-transitional.dtd">
<html xmlns="http://www.w3.org/1999/xhtml" xml:lang="en" lang="en">
 <head>
  <title>
</title>
<meta http-equiv="Content-Type" content="text/html;charset=utf-8" />
  <meta name='ocr-system' content='tesseract 3.04.00' />
  <meta name='ocr-capabilities' content='ocr_page ocr_carea ocr_par ocr_line ocrx_word'/>
</head>
<body>
  <div class='ocr_page' id='page_1' title='image "./ausgewhltewerke00bmgoog_0091.png"; bbox 0 0 2632 4718; ppageno 0'>
   <div class='ocr_carea' id='block_1_1' title="bbox 610 594 833 660">
    <p class='ocr_par' dir='ltr' id='par_1_1' title="bbox 610 594 833 660">
     <span class='ocr_line' id='line_1_1' title="bbox 610 594 833 660; baseline 0.009 -20"><span class='ocrx_word' id='word_1_1' title='bbox 610 594 833 660; x_wconf 72' lang='lat'>..38-</span> 
     </span>
    </p>
   </div>
   <div class='ocr_carea' id='block_1_2' title="bbox 191 771 1258 1286">
    <p class='ocr_par' dir='ltr' id='par_1_2' title="bbox 191 771 1258 1286">
     <span class='ocr_line' id='line_1_2' title="bbox 278 771 1257 857; baseline 0.006 -22"><span class='ocrx_word' id='word_1_2' title='bbox 278 771 390 836; x_wconf 90' lang='lat' dir='ltr'>studio</span> <span class='ocrx_word' id='word_1_3' title='bbox 413 771 454 837; x_wconf 91' lang='lat' dir='ltr'>ad</span> <span class='ocrx_word' id='word_1_4' title='bbox 484 772 628 855; x_wconf 86' lang='lat' dir='ltr'>patriam</span> <span class='ocrx_word' id='word_1_5' title='bbox 660 772 767 838; x_wconf 86' lang='lat' dir='ltr'>redire</span> <span class='ocrx_word' id='word_1_6' title='bbox 795 772 933 855; x_wconf 84' lang='lat' dir='ltr'>cogaris.</span> <span class='ocrx_word' id='word_1_7' title='bbox 980 772 1109 840; x_wconf 87' lang='lat' dir='ltr'>Natura</span> <span class='ocrx_word' id='word_1_8' title='bbox 1136 775 1257 857; x_wconf 82' lang='lat' dir='ltr'>paucis</span> 
     </span>
     <span class='ocr_line' id='line_1_3' title="bbox 279 878 1257 966; baseline 0.006 -24"><span class='ocrx_word' id='word_1_9' title='bbox 279 878 490 961; x_wconf 81' lang='lat' dir='ltr'>minimisque</span> <span class='ocrx_word' id='word_1_10' title='bbox 514 882 670 944; x_wconf 88' lang='lat' dir='ltr'>contenta</span> <span class='ocrx_word' id='word_1_11' title='bbox 687 882 748 945; x_wconf 88' lang='lat' dir='ltr'>est.</span> <span class='ocrx_word' id='word_1_12' title='bbox 781 880 918 963; x_wconf 88' lang='lat' dir='ltr'>Pinguis</span> <span class='ocrx_word' id='word_1_13' title='bbox 935 883 1053 945; x_wconf 87' lang='lat' dir='ltr'>venter</span> <span class='ocrx_word' id='word_1_14' title='bbox 1069 900 1135 946; x_wconf 89' lang='lat' dir='ltr'>non</span> <span class='ocrx_word' id='word_1_15' title='bbox 1152 882 1257 966; x_wconf 86' lang='lat' dir='ltr'>gignit</span> 
     </span>
     <span class='ocr_line' id='line_1_4' title="bbox 191 987 1257 1073; baseline 0.003 -22"><span class='ocrx_word' id='word_1_16' title='bbox 191 988 232 1051; x_wconf 70' lang='lat' dir='ltr'>af&gt;</span> <span class='ocrx_word' id='word_1_17' title='bbox 279 1006 415 1051; x_wconf 91' lang='lat' dir='ltr'>sensum</span> <span class='ocrx_word' id='word_1_18' title='bbox 446 991 592 1052; x_wconf 89' lang='lat' dir='ltr'>tenuem.</span> <span class='ocrx_word' id='word_1_19' title='bbox 643 987 799 1052; x_wconf 84' lang='lat' dir='ltr'>Vestibus</span> <span class='ocrx_word' id='word_1_20' title='bbox 833 1007 899 1053; x_wconf 92' lang='lat' dir='ltr'>non</span> <span class='ocrx_word' id='word_1_21' title='bbox 930 989 972 1053; x_wconf 94' lang='lat' dir='ltr'>ad</span> <span class='ocrx_word' id='word_1_22' title='bbox 1001 989 1113 1054; x_wconf 82' lang='lat' dir='ltr'>luxum</span> <span class='ocrx_word' id='word_1_23' title='bbox 1144 1008 1257 1073; x_wconf 89' lang='lat' dir='ltr'>neque</span> 
     </span>
     <span class='ocr_line' id='line_1_5' title="bbox 279 1093 1255 1177; baseline 0.001 -19"><span class='ocrx_word' id='word_1_24' title='bbox 279 1094 321 1158; x_wconf 86' lang='lat' dir='ltr'>ad</span> <span class='ocrx_word' id='word_1_25' title='bbox 339 1094 474 1171; x_wconf 92' lang='lat' dir='ltr'>cultum,</span> <span class='ocrx_word' id='word_1_26' title='bbox 492 1095 552 1159; x_wconf 91' lang='lat' dir='ltr'>sed</span> <span class='ocrx_word' id='word_1_27' title='bbox 568 1093 672 1177; x_wconf 85' lang='lat' dir='ltr'>magis</span> <span class='ocrx_word' id='word_1_28' title='bbox 688 1094 732 1158; x_wconf 91' lang='lat' dir='ltr'>ad</span> <span class='ocrx_word' id='word_1_29' title='bbox 747 1093 896 1177; x_wconf 88' lang='lat' dir='ltr'>corporis</span> <span class='ocrx_word' id='word_1_30' title='bbox 909 1093 1136 1160; x_wconf 87' lang='lat' dir='ltr'>defensionem</span> <span class='ocrx_word' id='word_1_31' title='bbox 1150 1099 1255 1162; x_wconf 88' lang='lat' dir='ltr'>utere.</span> 
     </span>
     <span class='ocr_line' id='line_1_6' title="bbox 278 1199 1258 1286; baseline 0.004 -22"><span class='ocrx_word' id='word_1_32' title='bbox 278 1200 381 1266; x_wconf 90' lang='lat' dir='ltr'>Bonis</span> <span class='ocrx_word' id='word_1_33' title='bbox 410 1199 558 1265; x_wconf 90' lang='lat' dir='ltr'>moribus</span> <span class='ocrx_word' id='word_1_34' title='bbox 586 1202 733 1265; x_wconf 78' lang='lat' dir='ltr'>mentem</span> <span class='ocrx_word' id='word_1_35' title='bbox 764 1202 856 1266; x_wconf 90' lang='lat' dir='ltr'>tuam</span> <span class='ocrx_word' id='word_1_36' title='bbox 884 1219 1057 1284; x_wconf 87' lang='lat' dir='ltr'>compone.</span> <span class='ocrx_word' id='word_1_37' title='bbox 1104 1202 1141 1267; x_wconf 85' lang='lat' dir='ltr'>Si</span> <span class='ocrx_word' id='word_1_38' title='bbox 1173 1202 1258 1286; x_wconf 90' lang='lat' dir='ltr'>quid</span> 
     </span>
    </p>
   </div>
   <div class='ocr_carea' id='block_1_3' title="bbox 192 1306 1259 2996">
    <p class='ocr_par' dir='ltr' id='par_1_3' title="bbox 279 1306 1259 1497">
     <span class='ocr_line' id='line_1_7' title="bbox 280 1306 1259 1393; baseline 0.003 -21"><span class='ocrx_word' id='word_1_39' title='bbox 280 1307 440 1372; x_wconf 89' lang='lat' dir='ltr'>detritum</span> <span class='ocrx_word' id='word_1_40' title='bbox 470 1309 538 1382; x_wconf 88' lang='lat' dir='ltr'>est,</span> <span class='ocrx_word' id='word_1_41' title='bbox 575 1308 774 1390; x_wconf 88' lang='lat' dir='ltr'>tempestive</span> <span class='ocrx_word' id='word_1_42' title='bbox 807 1306 898 1373; x_wconf 88' lang='lat' dir='ltr'>retici</span> <span class='ocrx_word' id='word_1_43' title='bbox 931 1307 1028 1388; x_wconf 88' lang='lat' dir='ltr'>iube,</span> <span class='ocrx_word' id='word_1_44' title='bbox 1065 1328 1107 1373; x_wconf 93' lang='lat' dir='ltr'>ne</span> <span class='ocrx_word' id='word_1_45' title='bbox 1139 1313 1259 1393; x_wconf 86' lang='lat' dir='ltr'>postea</span> 
     </span>
     <span class='ocr_line' id='line_1_8' title="bbox 279 1414 1257 1497; baseline 0.005 -19"><span class='ocrx_word' id='word_1_46' title='bbox 279 1414 397 1479; x_wconf 89' lang='lat' dir='ltr'>maiori</span> <span class='ocrx_word' id='word_1_47' title='bbox 436 1414 611 1497; x_wconf 89' lang='lat' dir='ltr'>dispendio</span> <span class='ocrx_word' id='word_1_48' title='bbox 650 1414 861 1497; x_wconf 87' lang='lat' dir='ltr'>opprimaris.</span> <span class='ocrx_word' id='word_1_49' title='bbox 917 1415 1013 1493; x_wconf 88' lang='lat' dir='ltr'>Quod</span> <span class='ocrx_word' id='word_1_50' title='bbox 1051 1417 1079 1479; x_wconf 91' lang='lat' dir='ltr'>si</span> <span class='ocrx_word' id='word_1_51' title='bbox 1119 1417 1257 1484; x_wconf 89' lang='lat' dir='ltr'>omnino</span> 
     </span>
    </p>

    <p class='ocr_par' dir='ltr' id='par_1_4' title="bbox 192 1520 1259 2037">
     <span class='ocr_line' id='line_1_9' title="bbox 192 1520 1259 1604; baseline 0.003 -18"><span class='ocrx_word' id='word_1_52' title='bbox 192 1522 235 1586; x_wconf 87' lang='lat'>30</span> <span class='ocrx_word' id='word_1_53' title='bbox 279 1520 378 1603; x_wconf 92' lang='lat' dir='ltr'>inops</span> <span class='ocrx_word' id='word_1_54' title='bbox 401 1541 437 1585; x_wconf 93' lang='lat' dir='ltr'>es</span> <span class='ocrx_word' id='word_1_55' title='bbox 461 1541 522 1586; x_wconf 90' lang='lat' dir='ltr'>nec</span> <span class='ocrx_word' id='word_1_56' title='bbox 544 1520 607 1585; x_wconf 93' lang='lat' dir='ltr'>tihi</span> <span class='ocrx_word' id='word_1_57' title='bbox 630 1541 670 1586; x_wconf 91' lang='lat' dir='ltr'>ea</span> <span class='ocrx_word' id='word_1_58' title='bbox 693 1521 828 1587; x_wconf 89' lang='lat' dir='ltr'>fortuna</span> <span class='ocrx_word' id='word_1_59' title='bbox 851 1522 1027 1604; x_wconf 84' lang='lat' dir='ltr'>contingit,</span> <span class='ocrx_word' id='word_1_60' title='bbox 1060 1541 1148 1604; x_wconf 85' lang='lat' dir='ltr'>quae</span> <span class='ocrx_word' id='word_1_61' title='bbox 1176 1523 1259 1589; x_wconf 92' lang='lat' dir='ltr'>olim</span> 
     </span>
     <span class='ocr_line' id='line_1_10' title="bbox 282 1627 1259 1711; baseline 0.003 -19"><span class='ocrx_word' id='word_1_62' title='bbox 282 1628 484 1711; x_wconf 81' lang='lat' dir='ltr'>Protagorae</span> <span class='ocrx_word' id='word_1_63' title='bbox 522 1627 701 1711; x_wconf 80' lang='lat' dir='ltr'>contigisse</span> <span class='ocrx_word' id='word_1_64' title='bbox 741 1628 862 1706; x_wconf 88' lang='lat' dir='ltr'>fertur,</span> <span class='ocrx_word' id='word_1_65' title='bbox 906 1648 1007 1711; x_wconf 90' lang='lat' dir='ltr'>quem</span> <span class='ocrx_word' id='word_1_66' title='bbox 1046 1629 1259 1696; x_wconf 85' lang='lat' dir='ltr'>Democritus</span> 
     </span>
     <span class='ocr_line' id='line_1_11' title="bbox 280 1735 1259 1820; baseline 0.005 -22"><span class='ocrx_word' id='word_1_67' title='bbox 280 1735 475 1815; x_wconf 86' lang='lat' dir='ltr'>Abderites,</span> <span class='ocrx_word' id='word_1_68' title='bbox 506 1754 583 1799; x_wconf 89' lang='lat' dir='ltr'>eum</span> <span class='ocrx_word' id='word_1_69' title='bbox 615 1735 777 1819; x_wconf 89' lang='lat' dir='ltr'>lignorum</span> <span class='ocrx_word' id='word_1_70' title='bbox 803 1735 998 1801; x_wconf 90' lang='lat' dir='ltr'>fasciculum</span> <span class='ocrx_word' id='word_1_71' title='bbox 1021 1736 1129 1801; x_wconf 82' lang='lat' dir='ltr'>rictus</span> <span class='ocrx_word' id='word_1_72' title='bbox 1153 1756 1259 1820; x_wconf 92' lang='lat' dir='ltr'>quae-</span> 
     </span>
     <span class='ocr_line' id='line_1_12' title="bbox 281 1841 1259 1925; baseline 0.004 -20"><span class='ocrx_word' id='word_1_73' title='bbox 281 1841 376 1906; x_wconf 90' lang='lat' dir='ltr'>rendi</span> <span class='ocrx_word' id='word_1_74' title='bbox 406 1841 512 1924; x_wconf 89' lang='lat' dir='ltr'>gratia</span> <span class='ocrx_word' id='word_1_75' title='bbox 541 1841 747 1907; x_wconf 88' lang='lat' dir='ltr'>baiulantem</span> <span class='ocrx_word' id='word_1_76' title='bbox 775 1841 927 1921; x_wconf 85' lang='lat' dir='ltr'>vidisset,</span> <span class='ocrx_word' id='word_1_77' title='bbox 965 1863 1077 1908; x_wconf 88' lang='lat' dir='ltr'>secum</span> <span class='ocrx_word' id='word_1_78' title='bbox 1106 1843 1259 1925; x_wconf 85' lang='lat' dir='ltr'>abduxit,</span> 
     </span>
     <span class='ocr_line' id='line_1_13' title="bbox 281 1947 1257 2037; baseline 0.003 -24"><span class='ocrx_word' id='word_1_79' title='bbox 281 1951 453 2033; x_wconf 91' lang='lat' dir='ltr'>sumptum</span> <span class='ocrx_word' id='word_1_80' title='bbox 476 1947 678 2015; x_wconf 86' lang='lat' dir='ltr'>ministravit</span> <span class='ocrx_word' id='word_1_81' title='bbox 710 1953 744 2014; x_wconf 92' lang='lat' dir='ltr'>et</span> <span class='ocrx_word' id='word_1_82' title='bbox 773 1949 1004 2033; x_wconf 80' lang='lat' dir='ltr'>philosophias</span> <span class='ocrx_word' id='word_1_83' title='bbox 1029 1948 1190 2037; x_wconf 57' lang='lat' dir='ltr'>docuitfl)</span> <span class='ocrx_word' id='word_1_84' title='bbox 1214 1989 1257 1998; x_wconf 93' lang='lat'><em>-</em></span> 
     </span>
    </p>

    <p class='ocr_par' dir='ltr' id='par_1_5' title="bbox 194 2056 1258 2568">
     <span class='ocr_line' id='line_1_14' title="bbox 194 2056 1257 2140; baseline 0.002 -19"><span class='ocrx_word' id='word_1_85' title='bbox 194 2058 235 2121; x_wconf 87' lang='lat'>35</span> <span class='ocrx_word' id='word_1_86' title='bbox 281 2056 473 2123; x_wconf 81' lang='lat' dir='ltr'>necessitati</span> <span class='ocrx_word' id='word_1_87' title='bbox 495 2076 615 2140; x_wconf 91' lang='lat' dir='ltr'>pareas</span> <span class='ocrx_word' id='word_1_88' title='bbox 638 2059 794 2140; x_wconf 89' lang='lat' dir='ltr'>opportet</span> <span class='ocrx_word' id='word_1_89' title='bbox 817 2061 851 2123; x_wconf 92' lang='lat' dir='ltr'>et</span> <span class='ocrx_word' id='word_1_90' title='bbox 874 2057 1022 2123; x_wconf 87' lang='lat' dir='ltr'>honestis</span> <span class='ocrx_word' id='word_1_91' title='bbox 1044 2057 1257 2124; x_wconf 89' lang='lat' dir='ltr'>liberalibus-</span> 
     </span>
     <span class='ocr_line' id='line_1_15' title="bbox 283 2163 1258 2247; baseline 0.004 -21"><span class='ocrx_word' id='word_1_92' title='bbox 283 2182 348 2245; x_wconf 89' lang='lat' dir='ltr'>que</span> <span class='ocrx_word' id='word_1_93' title='bbox 372 2163 565 2229; x_wconf 92' lang='lat' dir='ltr'>hominibus</span> <span class='ocrx_word' id='word_1_94' title='bbox 586 2163 744 2230; x_wconf 91' lang='lat' dir='ltr'>oboedias</span> <span class='ocrx_word' id='word_1_95' title='bbox 761 2183 963 2247; x_wconf 85' lang='lat' dir='ltr'>operamque</span> <span class='ocrx_word' id='word_1_96' title='bbox 979 2168 1072 2229; x_wconf 90' lang='lat' dir='ltr'>tuam</span> <span class='ocrx_word' id='word_1_97' title='bbox 1088 2164 1258 2230; x_wconf 89' lang='lat' dir='ltr'>interdum</span> 
     </span>
     <span class='ocr_line' id='line_1_16' title="bbox 283 2270 1258 2353; baseline 0.002 -18"><span class='ocrx_word' id='word_1_98' title='bbox 283 2270 371 2335; x_wconf 90' lang='lat' dir='ltr'>loces</span> <span class='ocrx_word' id='word_1_99' title='bbox 401 2272 614 2353; x_wconf 89' lang='lat' dir='ltr'>tantumque,</span> <span class='ocrx_word' id='word_1_100' title='bbox 646 2273 808 2353; x_wconf 90' lang='lat' dir='ltr'>quantum</span> <span class='ocrx_word' id='word_1_101' title='bbox 839 2271 951 2353; x_wconf 89' lang='lat' dir='ltr'>liceat,</span> <span class='ocrx_word' id='word_1_102' title='bbox 981 2271 1131 2336; x_wconf 89' lang='lat' dir='ltr'>animum</span> <span class='ocrx_word' id='word_1_103' title='bbox 1162 2275 1258 2337; x_wconf 90' lang='lat' dir='ltr'>tuum</span> 
     </span>
     <span class='ocr_line' id='line_1_17' title="bbox 283 2376 1256 2462; baseline 0.003 -20"><span class='ocrx_word' id='word_1_104' title='bbox 283 2376 455 2442; x_wconf 88' lang='lat' dir='ltr'>laboribus</span> <span class='ocrx_word' id='word_1_105' title='bbox 502 2377 677 2442; x_wconf 85' lang='lat' dir='ltr'>suffureris</span> <span class='ocrx_word' id='word_1_106' title='bbox 723 2399 760 2443; x_wconf 86' lang='lat' dir='ltr'>ac</span> <span class='ocrx_word' id='word_1_107' title='bbox 806 2379 1034 2462; x_wconf 90' lang='lat' dir='ltr'>philosophiae</span> <span class='ocrx_word' id='word_1_108' title='bbox 1073 2378 1256 2461; x_wconf 89' lang='lat' dir='ltr'>impertias.</span> 
     </span>
     <span class='ocr_line' id='line_1_18' title="bbox 284 2484 1257 2568; baseline 0.003 -20"><span class='ocrx_word' id='word_1_109' title='bbox 284 2484 436 2564; x_wconf 77' lang='lat' dir='ltr'>PlautuS,</span> <span class='ocrx_word' id='word_1_110' title='bbox 461 2485 663 2550; x_wconf 83' lang='lat' dir='ltr'>comicorum</span> <span class='ocrx_word' id='word_1_111' title='bbox 692 2485 927 2566; x_wconf 83' lang='lat' dir='ltr'>facetissimus,</span> <span class='ocrx_word' id='word_1_112' title='bbox 958 2488 1000 2551; x_wconf 95' lang='lat' dir='ltr'>ob</span> <span class='ocrx_word' id='word_1_113' title='bbox 1025 2486 1257 2568; x_wconf 87' lang='lat' dir='ltr'>quaerendum</span> 
     </span>
    </p>

    <p class='ocr_par' dir='ltr' id='par_1_6' title="bbox 194 2592 1259 2996">
     <span class='ocr_line' id='line_1_19' title="bbox 194 2592 1258 2675; baseline 0.002 -19"><span class='ocrx_word' id='word_1_114' title='bbox 194 2593 239 2656; x_wconf 73' lang='lat'>40</span> <span class='ocrx_word' id='word_1_115' title='bbox 284 2592 408 2656; x_wconf 84' lang='lat' dir='ltr'>victum</span> <span class='ocrx_word' id='word_1_116' title='bbox 439 2592 482 2657; x_wconf 95' lang='lat' dir='ltr'>ad</span> <span class='ocrx_word' id='word_1_117' title='bbox 512 2592 782 2675; x_wconf 84' lang='lat' dir='ltr'>circumagendas</span> <span class='ocrx_word' id='word_1_118' title='bbox 812 2594 932 2671; x_wconf 86' lang='lat' dir='ltr'>molas,</span> <span class='ocrx_word' id='word_1_119' title='bbox 970 2613 1055 2675; x_wconf 88' lang='lat' dir='ltr'>quae</span> <span class='ocrx_word' id='word_1_120' title='bbox 1086 2592 1258 2658; x_wconf 86' lang='lat' dir='ltr'>trusatiles</span> 
     </span>
     <span class='ocr_line' id='line_1_20' title="bbox 286 2699 1257 2781; baseline 0.002 -18"><span class='ocrx_word' id='word_1_121' title='bbox 286 2699 514 2781; x_wconf 86' lang='lat' dir='ltr'>appellantur,</span> <span class='ocrx_word' id='word_1_122' title='bbox 553 2718 689 2781; x_wconf 88' lang='lat' dir='ltr'>operam</span> <span class='ocrx_word' id='word_1_123' title='bbox 724 2700 842 2780; x_wconf 91' lang='lat' dir='ltr'>pistori</span> <span class='ocrx_word' id='word_1_124' title='bbox 884 2701 1011 2765; x_wconf 89' lang='lat' dir='ltr'>locasse</span> <span class='ocrx_word' id='word_1_125' title='bbox 1050 2700 1257 2781; x_wconf 84' lang='lat' dir='ltr'>perhibetur.</span> 
     </span>
     <span class='ocr_line' id='line_1_21' title="bbox 284 2805 1259 2889; baseline 0.001 -19"><span class='ocrx_word' id='word_1_126' title='bbox 284 2805 462 2870; x_wconf 89' lang='lat' dir='ltr'>Cleanthes</span> <span class='ocrx_word' id='word_1_127' title='bbox 507 2805 727 2889; x_wconf 89' lang='lat' dir='ltr'>philosophus</span> <span class='ocrx_word' id='word_1_128' title='bbox 774 2810 873 2872; x_wconf 89' lang='lat' dir='ltr'>noctu</span> <span class='ocrx_word' id='word_1_129' title='bbox 922 2826 1042 2888; x_wconf 87' lang='lat' dir='ltr'>aquam</span> <span class='ocrx_word' id='word_1_130' title='bbox 1087 2807 1188 2871; x_wconf 83' lang='lat' dir='ltr'>traxit</span> <span class='ocrx_word' id='word_1_131' title='bbox 1225 2810 1259 2872; x_wconf 91' lang='lat' dir='ltr'>et</span> 
     </span>
     <span class='ocr_line' id='line_1_22' title="bbox 285 2912 890 2996; baseline 0.003 -19"><span class='ocrx_word' id='word_1_132' title='bbox 285 2916 444 2995; x_wconf 88' lang='lat' dir='ltr'>quaestus</span> <span class='ocrx_word' id='word_1_133' title='bbox 468 2912 573 2996; x_wconf 89' lang='lat' dir='ltr'>gratia</span> <span class='ocrx_word' id='word_1_134' title='bbox 596 2914 710 2978; x_wconf 89' lang='lat' dir='ltr'>hortos</span> <span class='ocrx_word' id='word_1_135' title='bbox 733 2913 890 2996; x_wconf 87' lang='lat' dir='ltr'>irrigavit.</span> 
     </span>
    </p>
   </div>
   <div class='ocr_carea' id='block_1_4' title="bbox 474 3144 973 3392">
    <p class='ocr_par' dir='ltr' id='par_1_7' title="bbox 474 3144 973 3392">
     <span class='ocr_line' id='line_1_23' title="bbox 700 3144 752 3208; baseline 0 0"><span class='ocrx_word' id='word_1_136' title='bbox 700 3144 752 3208; x_wconf 84' lang='lat' dir='ltr'>xl.</span> 
     </span>
     <span class='ocr_line' id='line_1_24' title="bbox 474 3302 973 3392; baseline 0.002 -21"><span class='ocrx_word' id='word_1_137' title='bbox 474 3302 534 3372; x_wconf 86' lang='lat' dir='ltr'>De</span> <span class='ocrx_word' id='word_1_138' title='bbox 558 3302 707 3392; x_wconf 86' lang='lat' dir='ltr'>duplici</span> <span class='ocrx_word' id='word_1_139' title='bbox 730 3303 852 3373; x_wconf 81' lang='lat' dir='ltr'>studii</span> <span class='ocrx_word' id='word_1_140' title='bbox 874 3303 973 3372; x_wconf 86' lang='lat' dir='ltr'>loco.</span> 
     </span>
    </p>
   </div>
   <div class='ocr_carea' id='block_1_5' title="bbox 220 3465 1261 4302">
    <p class='ocr_par' dir='ltr' id='par_1_8' title="bbox 223 3465 1261 3869">
     <span class='ocr_line' id='line_1_25' title="bbox 223 3465 1260 3547; baseline -0.002 -16"><span class='ocrx_word' id='word_1_141' title='bbox 223 3470 236 3531; x_wconf 90' lang='lat'>1</span> <span class='ocrx_word' id='word_1_142' title='bbox 287 3466 410 3546; x_wconf 89' lang='lat' dir='ltr'>Locus,</span> <span class='ocrx_word' id='word_1_143' title='bbox 434 3465 491 3529; x_wconf 94' lang='lat' dir='ltr'>ubi</span> <span class='ocrx_word' id='word_1_144' title='bbox 516 3465 665 3544; x_wconf 77' lang='lat' dir='ltr'>studeaS,</span> <span class='ocrx_word' id='word_1_145' title='bbox 698 3465 820 3547; x_wconf 83' lang='lat' dir='ltr'>duplex</span> <span class='ocrx_word' id='word_1_146' title='bbox 844 3467 909 3541; x_wconf 89' lang='lat' dir='ltr'>est,</span> <span class='ocrx_word' id='word_1_147' title='bbox 940 3465 1096 3546; x_wconf 89' lang='lat' dir='ltr'>publicus</span> <span class='ocrx_word' id='word_1_148' title='bbox 1127 3467 1159 3528; x_wconf 91' lang='lat' dir='ltr'>et</span> <span class='ocrx_word' id='word_1_149' title='bbox 1191 3465 1260 3547; x_wconf 93' lang='lat' dir='ltr'>pri-</span> 
     </span>
     <span class='ocr_line' id='line_1_26' title="bbox 286 3570 1259 3654; baseline -0.002 -16"><span class='ocrx_word' id='word_1_150' title='bbox 286 3577 391 3638; x_wconf 89' lang='lat' dir='ltr'>vatus.</span> <span class='ocrx_word' id='word_1_151' title='bbox 424 3571 591 3652; x_wconf 82' lang='lat' dir='ltr'>Publicus,</span> <span class='ocrx_word' id='word_1_152' title='bbox 616 3572 643 3636; x_wconf 86' lang='lat' dir='ltr'>si</span> <span class='ocrx_word' id='word_1_153' title='bbox 666 3573 774 3637; x_wconf 90' lang='lat' dir='ltr'>bonus</span> <span class='ocrx_word' id='word_1_154' title='bbox 799 3571 829 3636; x_wconf 86' lang='lat' dir='ltr'>ei</span> <span class='ocrx_word' id='word_1_155' title='bbox 853 3573 960 3637; x_wconf 90' lang='lat' dir='ltr'>rector</span> <span class='ocrx_word' id='word_1_156' title='bbox 984 3570 1174 3654; x_wconf 86' lang='lat' dir='ltr'>praefectus</span> <span class='ocrx_word' id='word_1_157' title='bbox 1199 3575 1259 3652; x_wconf 86' lang='lat' dir='ltr'>est,</span> 
     </span>
     <span class='ocr_line' id='line_1_27' title="bbox 287 3680 1261 3762; baseline -0.002 -18"><span class='ocrx_word' id='word_1_158' title='bbox 287 3700 353 3744; x_wconf 93' lang='lat' dir='ltr'>non</span> <span class='ocrx_word' id='word_1_159' title='bbox 387 3680 598 3762; x_wconf 91' lang='lat' dir='ltr'>opportunus</span> <span class='ocrx_word' id='word_1_160' title='bbox 632 3699 705 3743; x_wconf 87' lang='lat' dir='ltr'>esse</span> <span class='ocrx_word' id='word_1_161' title='bbox 740 3698 807 3744; x_wconf 91' lang='lat' dir='ltr'>uon</span> <span class='ocrx_word' id='word_1_162' title='bbox 842 3681 962 3762; x_wconf 91' lang='lat' dir='ltr'>potest.</span> <span class='ocrx_word' id='word_1_163' title='bbox 1010 3680 1077 3743; x_wconf 83' lang='lat' dir='ltr'>Sed</span> <span class='ocrx_word' id='word_1_164' title='bbox 1114 3699 1175 3743; x_wconf 89' lang='lat' dir='ltr'>nec</span> <span class='ocrx_word' id='word_1_165' title='bbox 1210 3682 1261 3744; x_wconf 88' lang='lat' dir='ltr'>est</span> 
     </span>
     <span class='ocr_line' id='line_1_28' title="bbox 287 3786 1261 3869; baseline 0 -17"><span class='ocrx_word' id='word_1_166' title='bbox 287 3786 427 3852; x_wconf 90' lang='lat' dir='ltr'>aedilicii</span> <span class='ocrx_word' id='word_1_167' title='bbox 451 3787 581 3852; x_wconf 83' lang='lat' dir='ltr'>excelsa</span> <span class='ocrx_word' id='word_1_168' title='bbox 604 3787 707 3850; x_wconf 90' lang='lat' dir='ltr'>moles</span> <span class='ocrx_word' id='word_1_169' title='bbox 731 3789 922 3869; x_wconf 87' lang='lat' dir='ltr'>spectanda,</span> <span class='ocrx_word' id='word_1_170' title='bbox 947 3806 1057 3868; x_wconf 88' lang='lat' dir='ltr'>neque</span> <span class='ocrx_word' id='word_1_171' title='bbox 1082 3805 1122 3849; x_wconf 91' lang='lat' dir='ltr'>eo</span> <span class='ocrx_word' id='word_1_172' title='bbox 1146 3788 1261 3852; x_wconf 87' lang='lat' dir='ltr'>schola</span> 
     </span>
    </p>

    <p class='ocr_par' dir='ltr' id='par_1_9' title="bbox 220 3892 1261 4302">
     <span class='ocr_line' id='line_1_29' title="bbox 220 3892 1261 3980; baseline -0.004 -20"><span class='ocrx_word' id='word_1_173' title='bbox 220 3898 256 3980; x_wconf 87' lang='grc'>5)</span> <span class='ocrx_word' id='word_1_174' title='bbox 288 3896 404 3960; x_wconf 90' lang='lat' dir='ltr'>melior</span> <span class='ocrx_word' id='word_1_175' title='bbox 421 3899 482 3972; x_wconf 89' lang='lat' dir='ltr'>est,</span> <span class='ocrx_word' id='word_1_176' title='bbox 507 3894 597 3977; x_wconf 92' lang='lat' dir='ltr'>quod</span> <span class='ocrx_word' id='word_1_177' title='bbox 613 3893 714 3958; x_wconf 88' lang='lat' dir='ltr'>variis</span> <span class='ocrx_word' id='word_1_178' title='bbox 731 3894 872 3977; x_wconf 89' lang='lat' dir='ltr'>picturis</span> <span class='ocrx_word' id='word_1_179' title='bbox 889 3915 927 3958; x_wconf 88' lang='lat' dir='ltr'>ac</span> <span class='ocrx_word' id='word_1_180' title='bbox 944 3892 1062 3958; x_wconf 90' lang='lat' dir='ltr'>statuis</span> <span class='ocrx_word' id='word_1_181' title='bbox 1079 3894 1261 3958; x_wconf 88' lang='lat' dir='ltr'>adornatur</span> 
     </span>
     <span class='ocr_line' id='line_1_30' title="bbox 286 3999 1260 4085; baseline -0.004 -17"><span class='ocrx_word' id='word_1_182' title='bbox 286 4006 344 4068; x_wconf 88' lang='lat' dir='ltr'>aut</span> <span class='ocrx_word' id='word_1_183' title='bbox 372 4004 461 4085; x_wconf 93' lang='lat' dir='ltr'>quod</span> <span class='ocrx_word' id='word_1_184' title='bbox 489 4003 594 4067; x_wconf 88' lang='lat' dir='ltr'>libero</span> <span class='ocrx_word' id='word_1_185' title='bbox 625 4002 942 4083; x_wconf 87' lang='lat' dir='ltr'>praeterlabentium</span> <span class='ocrx_word' id='word_1_186' title='bbox 976 4001 1153 4064; x_wconf 80' lang='lat' dir='ltr'>fluminum</span> <span class='ocrx_word' id='word_1_187' title='bbox 1182 3999 1260 4065; x_wconf 79' lang='lat' dir='ltr'>viri-</span> 
     </span>
     <span class='ocr_line' id='line_1_31' title="bbox 287 4108 1261 4192; baseline -0.003 -16"><span class='ocrx_word' id='word_1_188' title='bbox 287 4110 477 4176; x_wconf 88' lang='lat' dir='ltr'>dantiumve</span> <span class='ocrx_word' id='word_1_189' title='bbox 505 4111 677 4192; x_wconf 85' lang='lat' dir='ltr'>pratorum</span> <span class='ocrx_word' id='word_1_190' title='bbox 709 4112 888 4192; x_wconf 87' lang='lat' dir='ltr'>prospectu</span> <span class='ocrx_word' id='word_1_191' title='bbox 919 4109 1032 4172; x_wconf 88' lang='lat' dir='ltr'>oculos</span> <span class='ocrx_word' id='word_1_192' title='bbox 1060 4108 1176 4189; x_wconf 88' lang='lat' dir='ltr'>pascit.</span> <span class='ocrx_word' id='word_1_193' title='bbox 1225 4109 1261 4173; x_wconf 84' lang='lat' dir='ltr'>Si</span> 
     </span>
     <span class='ocr_line' id='line_1_32' title="bbox 286 4216 1261 4302; baseline -0.004 -18"><span class='ocrx_word' id='word_1_194' title='bbox 286 4218 384 4285; x_wconf 92' lang='lat' dir='ltr'>modo</span> <span class='ocrx_word' id='word_1_195' title='bbox 412 4238 432 4283; x_wconf 90' lang='lat' dir='ltr'>a</span> <span class='ocrx_word' id='word_1_196' title='bbox 458 4217 576 4302; x_wconf 93' lang='lat' dir='ltr'>populi</span> <span class='ocrx_word' id='word_1_197' title='bbox 607 4216 795 4300; x_wconf 85' lang='lat' dir='ltr'>frequentia</span> <span class='ocrx_word' id='word_1_198' title='bbox 823 4217 857 4280; x_wconf 92' lang='lat' dir='ltr'>et</span> <span class='ocrx_word' id='word_1_199' title='bbox 885 4216 993 4280; x_wconf 91' lang='lat' dir='ltr'>turbis</span> <span class='ocrx_word' id='word_1_200' title='bbox 1025 4216 1174 4299; x_wconf 85' lang='lat' dir='ltr'>seposita</span> <span class='ocrx_word' id='word_1_201' title='bbox 1206 4218 1261 4296; x_wconf 88' lang='lat' dir='ltr'>sit,</span> 
     </span>
    </p>
   </div>
   <div class='ocr_carea' id='block_1_6' title="bbox 0 0 1328 4718">
    <p class='ocr_par' dir='ltr' id='par_1_10' title="bbox 0 0 1328 4718">
     <span class='ocr_line' id='line_1_33' title="bbox 0 0 1328 4718; baseline 0 0"><span class='ocrx_word' id='word_1_202' title='bbox 0 0 1328 4718; x_wconf 95' lang='lat' dir='ltr'> </span> 
     </span>
    </p>
   </div>
  </div>
 </body>
</html>
