2632 4718
553 568 774 631 -37-

218 763 278 809 nec
303 744 443 826 putarit,
475 765 512 808 se
537 744 636 809 simul
659 764 760 827 posse
784 749 817 810 et
840 745 978 810 virtutes
1002 749 1036 811 et
1060 747 1193 812 divitias

216 851 421 933 possider·e.“
451 851 507 930 „Si
521 850 600 927 vis“,
617 852 726 934 inquit
739 850 901 937 Seneca⁷)
921 874 1058 932 „vacare
1072 855 1124 918 ani
1130 873 1193 934 mu,

145 960 163 1017 ἴ
218 961 277 1022 ant
301 978 431 1040 pauper
455 959 500 1022 sis
524 962 656 1042 oportet
686 962 743 1023 aut
772 961 913 1042 pauperi
943 960 1070 1024 similis.
1118 962 1192 1027 Non

218 1069 330 1147 potest
352 1066 502 1130 studium
527 1067 673 1130 salutare
697 1067 769 1130 fieri
794 1067 866 1130 sine
891 1067 1089 1149 frugalitatis
1106 1088 1191 1132 cura.

218 1172 407 1254 Frugalitas
432 1176 544 1237 autem
568 1176 749 1256 paupertas
772 1175 960 1239 voluntaria
983 1180 1064 1238 est.“

647 1458 682 1523 X.

226 1635 577 1729 Quemadmodum
601 1634 720 1716 dives,
744 1653 899 1723 pauper
922 1640 962 1703 et
984 1635 1101 1724 inops

363 1741 628 1812 scholasticus
651 1742 781 1812 vivere
806 1742 961 1812 debeat.

221 1941 256 2005 Si
282 1942 441 2021 parentes
465 1939 514 2002 tui
531 1939 656 2004 divitiis
679 1940 850 2004 abundant
868 1939 1117 2023 liberaliterque
1136 1941 1195 2005 tibi

218 2048 397 2128 pecuniam
421 2047 651 2128 suppeditant,
677 2068 716 2111 ea
741 2067 801 2111 nec
822 2048 960 2111 abutere
978 2068 1038 2111 nec
1056 2049 1195 2113 niarium

219 2153 358 2219 confide.
414 2154 613 2232 „Litterae“‚
644 2158 680 2218 ut
710 2155 745 2218 in
776 2152 937 2218 Rufinum
967 2155 1117 2218 scribens
1149 2156 1194 2220 ait

220 2260 487 2345 Hieronymusl)
514 2261 739 2343 „marsupium
757 2280 824 2324 non
841 2265 1037 2342 sequuntur,
1063 2263 1194 2326 sudoris

147 2372 165 2433 ἶ
221 2368 360 2433 comites
392 2370 472 2432 snut
504 2371 537 2431 et
566 2367 704 2444 laboris,
736 2369 845 2431 sociae
877 2367 1092 2441 ieiuniorum,
1129 2389 1195 2433 non

219 2476 413 2553 saturitatis7
431 2477 667 2547 continentiae
686 2495 750 2538 non
769 2475 927 2538 luxuriae.
954 2476 1195 2539 llernosflrenes

220 2585 297 2666 plns
321 2583 401 2662 olei,
433 2603 533 2664 qnam
565 2583 631 2646 vini
656 2583 853 2665 expendisse
878 2583 998 2645 dicitur
1023 2585 1054 2644 ct
1080 2602 1195 2646 omnes

218 2689 356 2773 opifices
381 2689 552 2754 nocturnis
576 2710 710 2770 semper
734 2689 853 2770 vigiliis
879 2689 1122 2769 pr·aevenisse“.
1160 2683 1195 2753 Si

219 2799 370 2863 modicae
393 2797 569 2861 facultates
595 2796 659 2859 tuis
680 2796 876 2876 parentibus
894 2799 970 2858 sunt
986 2795 1118 2878 ipsique
1136 2816 1195 2859 suo

221 2906 333 2970 labore
357 2905 493 2985 pariunt
518 2907 549 2967 et
580 2904 769 2984 frugalitate
799 2906 1029 2985 compareant,
1060 2923 1125 2984 quo
1160 2907 1196 2967 tu

220 3013 359 3077 liberius
388 3011 551 3074 bonarum
584 3012 705 3074 artium
738 3009 855 3073 studiis
884 3029 995 3087 taces,
1025 3030 1118 3082 care,
1144 3031 1195 3083 ne,

221 3123 258 3184 ut
288 3117 513 3201 nequisissirni
546 3117 672 3199 quique
709 3119 834 3195 solent,
871 3137 993 3198 ganeas
1027 3116 1130 3198 magis
1163 3120 1196 3180 et

221 3228 379 3309 popinas
413 3245 513 3306 qnam
545 3225 732 3289 litterarum
761 3223 966 3306 gyrnrrasinm
991 3223 1194 3304 frequentes.

222 3334 366 3415 Segrega
388 3334 421 3395 te
445 3332 558 3413 potins
583 3353 601 3396 a
626 3332 772 3413 prodigis
796 3335 829 3393 et
852 3333 942 3411 qnod
967 3330 1109 3393 inaximo
1141 3351 1196 3393 su-

152 3445 168 3498 :'
221 3442 299 3505 dine
323 3440 512 3522 quaesitum
538 3442 598 3518 est,
631 3439 784 3503 nonnisi
811 3437 844 3501 in
878 3440 1083 3502 necessarios
1116 3457 1196 3501 nsus

222 3549 381 3628 expende.
409 3547 526 3611 Libros
544 3567 629 3624 arna,
654 3567 710 3610 eos
728 3547 940 3627 amplectere.
963 3567 1018 3611 eos
1035 3546 1196 3624 osculare,

222 3675 284 3719 nee
307 3656 497 3736 voluptates
522 3656 653 3735 appete,
683 3654 742 3716 sed
768 3654 863 3734 longe
887 3652 1016 3735 aufuge,
1049 3651 1196 3733 cogitans

222 3768 255 3827 te
280 3761 322 3826 ad
345 3762 471 3826 maiora
498 3760 661 3842 genitum,
693 3780 790 3842 qnam
825 3764 858 3823 nt
890 3760 936 3823 sis
967 3760 1116 3841 corporis
1148 3760 1196 3822 tui

223 3870 435 3951 mancipium.
466 3869 531 3931 Eos
556 3867 618 3932 tibi
643 3868 734 3932 cibos
752 3887 918 3949 compara,
944 3867 1001 3948 qui
1019 3865 1197 3930 salubriter

133 3982 177 4043 20
220 3977 319 4043 alant.
345 3996 410 4040 non
436 3975 494 4059 qni
519 3975 606 4038 dulei
631 3979 763 4056 gustum
796 3995 915 4056 sapore
945 3974 1100 4037 afficiant.
1150 3974 1197 4035 De

223 4086 365 4148 crastino
389 4085 436 4147 ila
453 4082 498 4145 sis
516 4082 689 4151 sollicitus,
714 4087 747 4144 nl
767 4083 900 4163 longum
917 4085 1049 4161 tempus
1066 4079 1196 4143 modico

222 4195 357 4273 sumptu
381 4189 677 4255 transmittendum
701 4190 797 4268 scias,
823 4209 864 4251 ne
889 4207 988 4271 saepe
1011 4188 1196 4268 intercepto
