2632 4718
481 544 702 614 -15..

60 725 261 809 impressum
286 723 470 808 aliquando
492 725 601 791 risum
623 744 697 791 esse
720 723 857 806 alicubi,
888 745 959 791 rem
982 744 1050 791 non
1072 727 1124 792 in·

58 833 181 915 gratam
196 851 311 916 neque
326 830 553 914 infrugiferam
571 833 737 898 facturum
752 851 806 896 me
822 831 990 898 studiosae
1006 833 1124 898 iuren-

58 939 120 1005 tuti
143 938 350 1021 existimari,
380 938 408 1004 si
438 938 544 1005 veluti
571 940 612 1004 de
641 939 709 1004 vita
736 939 902 1004 sublatam
926 939 1125 1006 reviviscere

58 1048 200 1114 lacerem
212 1046 386 1130 publicato
402 1065 441 1111 eo
455 1046 543 1129 typis
559 1045 671 1111 fratris
684 1047 760 1125 mei,
777 1046 914 1112 Henrici
926 1047 1120 1128 Mammam,

57 1174 97 1220 ex
124 1153 310 1238 exemplari
339 1153 604 1236 manuscripto,
638 1153 674 1217 in
705 1153 795 1235 quod
827 1173 935 1237 nuper
965 1153 1123 1221 Coloniae

57 1262 147 1346 apud
177 1262 241 1327 Dn.
277 1259 448 1327 Simonem
475 1259 555 1325 Buff
580 1260 887 1326 Randelradensem
918 1260 1123 1326 Canonicum

60 1372 93 1435 et
130 1369 373 1434 scholasterem
411 1369 445 1434 S.
485 1367 615 1450 Georgii
656 1367 801 1432 amicum
844 1371 995 1433 nostrum
1039 1368 1124 1435 forte

57 1474 249 1541 incidimus.
297 1475 415 1558 Neque
438 1474 527 1540 enim
551 1473 827 1540 committendum
851 1473 976 1558 putavi,
999 1478 1037 1539 ut
1059 1476 1124 1540 uti-

59 1582 211 1649 lissimus
227 1583 328 1648 buius
344 1581 448 1647 libelli
465 1581 595 1647 fructus
616 1582 775 1647 studiosis
795 1581 969 1663 discipulis
985 1601 1124 1666 prorsus

58 1690 241 1774 deperiret,
263 1693 483 1774 posteaquam
499 1709 666 1773 nusquam
679 1692 810 1754 exstare
827 1688 1029 1772 exemplaria
1044 1709 1125 1754 con·

57 1798 173 1862 staret.
222 1796 309 1861 Nam
339 1796 434 1862 valde
469 1794 639 1861 iuventuti
671 1795 786 1860 utilem
822 1798 856 1860 et
885 1797 1123 1878 necessarium,

56 1907 130 1970 tum
153 1922 291 1986 quoque
315 1904 350 1968 et
372 1903 454 1985 ipsis
477 1902 751 1987 praeceptoribus
779 1921 846 1968 non
876 1902 1122 1970 incommodum

57 2010 128 2077 iore
153 2011 222 2076 vidi
246 2029 389 2093 eumque
412 2010 456 2075 ad
479 2029 554 2090 vos,
583 2009 713 2075 colendi
740 2011 774 2074 et
796 2010 997 2075 observandi
1022 2011 1122 2076 Prae·

57 2120 225 2202 captores,
245 2120 457 2199 vestramque
468 2118 676 2183 iuventutem
689 2117 898 2200 dirigendum
911 2116 1123 2199 potissimum

58 2224 154 2305 duxi,
185 2226 223 2289 ut
245 2223 366 2307 quibus
389 2223 487 2288 huius
510 2243 604 2289 meae
632 2224 668 2288 in
696 2243 731 2289 re
760 2223 919 2289 litteraria
947 2226 1061 2288 curtae
1084 2244 1122 2289 ac

58 2330 171 2397 tenuis
210 2330 424 2414 supellectilis
462 2331 585 2396 bonam
622 2332 753 2413 partem
791 2334 966 2414 acceptum
1000 2332 1122 2397 reterre

57 2439 175 2505 debeo.
230 2437 401 2503 Tractavit
431 2439 465 2502 et
493 2437 639 2503 carmine
670 2436 740 2502 fere
769 2437 859 2503 idem
888 2441 1123 2519 argumentum

57 2545 278 2625 Murmellius‚
303 2545 393 2628 quod
422 2545 504 2611 alias
533 2545 765 2627 adiungemus:
796 2564 884 2609 nunc
914 2545 1003 2610 enim
1032 2564 1122 2609 corn-

55 2653 157 2720 modo
180 2650 255 2717 fieri
277 2670 345 2716 non
367 2651 506 2736 potuit.“
532 2689 576 2697 -

148 2759 216 2824 Das
242 2763 427 2840 „carmen“‚
451 2758 594 2824 welches
609 2758 819 2824 Mameranus
835 2778 889 2824 arn
905 2758 1043 2824 Schluss
1061 2759 1122 2823 der

57 2867 281 2949 mitgeteilten
315 2867 411 2932 Satze
450 2866 615 2945 erwtthnt,
654 2864 731 2930 sind
769 2866 856 2930 ohne
895 2864 1028 2930 Zweitel
1067 2865 1121 2930 die

60 2974 329 3057 „Epigrammata
368 2974 409 3039 de
442 2971 592 3056 magistri
626 2973 660 3037 et
695 2971 935 3053 discipulorum
970 2971 1119 3037 officiis“.

57 3083 144 3147 Dass
168 3081 378 3146 Mameranus
395 3080 515 3163 jemals
539 3080 614 3145 eine
630 3079 785 3162 Ausgabe
809 3078 983 3144 derselben
1006 3079 1121 3161 herge-

57 3188 151 3254 stellt
172 3189 240 3266 bat,
264 3189 309 3253 ist
331 3189 425 3253 nicht
446 3188 603 3253 bekannt.
633 3224 674 3235 —
705 3187 766 3251 Die
789 3187 934 3252 Vorrede
957 3191 1045 3269 tragt
1069 3187 1121 3252 die

58 3295 300 3362 Unterschritt:
335 3294 504 3377 Augustae
534 3293 695 3360 Rheticae
726 3313 766 3357 ex
795 3293 1004 3359 Cancellaria
1033 3312 1119 3358 caes.

57 3407 176 3470 octava
198 3402 326 3469 calend.
350 3401 486 3487 Aprilis,
510 3401 609 3467 Anno
633 3405 652 3465 a
675 3400 831 3466 restituta
853 3402 978 3466 mundo
1002 3401 1119 3481 salute,

60 3511 156 3576 1551.
181 3546 225 3556 -

146 3604 239 3682 Uber
263 3617 328 3682 den
352 3616 473 3682 letzten
496 3616 605 3683 Druck
631 3617 677 3682 ist
704 3637 758 3682 am
781 3614 967 3698 wenigsten
991 3614 1121 3680 Ronm-

56 3725 163 3790 liches
186 3744 226 3789 zu
250 3744 360 3807 sagen.
407 3725 492 3791 Dein
515 3724 658 3789 Streben
680 3723 924 3789 Vastelabends
949 3722 1023 3786 eine
1046 3742 1120 3786 ver-

55 3832 208 3896 besserte
224 3830 380 3914 Ausgabe
404 3830 636 3910 berzustellen‚
660 3830 780 3896 wellen
803 3829 864 3893 wir
887 3829 1004 3909 gewiss
1028 3829 1121 3892 nicht

55 3957 180 4004 unsere
204 3936 452 4020 Anerkennung
475 3957 644 4020 versagen,
669 3937 728 4002 der
748 3936 832 4001 Text
855 3934 1008 4001 bedurfte
1033 3936 1119 4000 wohl

56 4046 152 4111 einer
173 4044 472 4127 durcbgreifenden
489 4044 674 4121 Correktm,
699 4044 779 4109 aber
803 4043 861 4107 der
886 4043 1119 4125 Herausgeber

55 4151 115 4218 hat
149 4153 249 4217 einen
282 4151 431 4217 talschen
466 4152 547 4234 Weg
582 4151 843 4233 eingescblagen.
891 4149 1029 4215 Anstatt
1064 4147 1118 4214 die
