2632 4718
633 588 853 654 ..36-

324 768 508 850 Paupertas
532 765 671 850 sophiae
695 763 816 841 nutrix,

322 874 431 958 Frugi.
456 877 556 940 caste.
580 873 673 939 ferax
696 877 729 938 et
752 872 881 939 modico
904 875 1025 957 potens

322 981 540 1064 Virtutesque
563 979 652 1046 foret
676 999 738 1046 nec
761 980 850 1046 vitiis
874 1000 947 1046 esse
972 981 1081 1045 locum
1104 979 1192 1045 sinit.

322 1123 414 1189 Haeo
437 1127 470 1188 et
492 1121 624 1189 moenia
647 1122 797 1187 condidit

321 1231 363 1296 Et
387 1231 485 1296 vitam
509 1229 611 1295 variis
636 1229 755 1295 extulit
778 1229 928 1306 artibus3

211 1340 271 1422 60)
325 1338 412 1404 Hinc
424 1340 476 1403 est
489 1336 599 1403 omnis
613 1337 732 1413 honos,
749 1338 828 1402 hinc
840 1337 981 1402 celebris
994 1338 1098 1420 gloria
1110 1335 1274 1420 proditur.

323 1480 395 1546 Hac
418 1481 615 1546 Franciscus
639 1479 674 1544 in
698 1481 853 1545 aetherea

324 1587 461 1652 Certum
484 1586 562 1652 fecit
585 1587 658 1661 iter,
683 1591 820 1669 pectore
845 1586 943 1651 ditior

324 1694 438 1760 Mundi
463 1693 632 1774 divitibus,
657 1698 823 1776 perpetuo
846 1694 943 1776 plura
965 1695 1169 1779 petentibus,

322 1837 415 1915 Quos
439 1856 501 1902 nec
524 1837 637 1902 divitis
661 1837 776 1903 Indiae

323 1943 486 2010 Thesauri
512 1963 572 2009 nec
595 1963 676 2028 opes
700 1944 816 2010 fertilis
840 1944 983 2024 Africae,

211 2053 269 2135 66)
323 2051 456 2117 Nullius
480 2051 581 2117 saliat
603 2052 814 2134 quantalibet
836 2071 966 2117 summa
988 2051 1160 2135 pecuniae.

322 2193 407 2259 Cum
430 2192 481 2258 vir
506 2194 602 2259 dirus
626 2193 781 2259 Aretium

323 2302 487 2379 Venisset,
511 2300 649 2366 teticros
675 2303 853 2367 daemonas
877 2302 1015 2384 expulit,

323 2408 551 2491 Paestumque
574 2408 668 2474 brevi
691 2408 828 2474 mirifice
852 2409 965 2474 floruit
989 2409 1159 2493 oppidum.

322 2551 456 2617 Afflicto
480 2553 624 2634 graviter
647 2571 708 2617 suo

319 2659 445 2742 Flagris
468 2662 502 2723 el
525 2660 658 2725 nivibus
682 2678 821 2743 corpore
845 2661 977 2727 subdoli

211 2768 268 2852 la)
322 2765 490 2830 Contrivit
513 2767 662 2848 laqueos,
686 2766 824 2832 insidias
848 2787 1008 2851 armaque
1032 2769 1181 2852 spiritus

321 2908 409 2973 Hinc
433 2902 473 2974 'ex
496 2927 553 2973 ore
576 2909 639 2974 riri
662 2929 756 2975 sacro

320 3015 500 3094 Sylvestro,
524 3016 673 3099 placidus
698 3017 776 3082 dum
800 3018 929 3102 capitur
952 3038 1063 3101 sopor,

321 3121 409 3186 Crux
432 3121 606 3203 immensa,
629 3124 725 3206 polos
749 3125 979 3207 aequiparante,
1003 3127 1117 3209 paruit
1140 3146 1250 3192 aurea.

318 3263 414 3328 Alter
437 3264 649 3349 magnificum
672 3267 764 3331 videt
841 3346 845 3352 Α

320 3371 359 3435 ln
382 3371 484 3437 coelis
507 3372 626 3438 humili
650 3375 738 3438 stare
762 3374 921 3439 thronum
945 3376 1027 3454 riro,

208 3481 266 3563 78)
320 3478 406 3543 Nam
422 3499 480 3544 rex
494 3481 706 3562 omnipotens
723 3482 812 3547 celsa
827 3484 958 3565 premit,
976 3483 1129 3548 sublevat
1144 3484 1269 3550 intima.

320 3621 460 3687 Certans
484 3624 556 3705 ipse
580 3622 720 3688 viriliter

318 3728 412 3793 Miles
436 3731 531 3811 signa
554 3729 605 3795 sui
628 3733 812 3812 promeruit
837 3733 929 3798 ducis

321 3836 360 3900 In
383 3836 610 3918 membrisque
635 3839 704 3903 suis
728 3858 807 3903 vera
833 3840 884 3905 dei
909 3840 1060 3923 stigmata
1084 3843 1224 3909 rettulit.

318 3977 346 4043 Ο
370 3982 533 4061 quantum
556 3980 665 4064 pietas
688 3984 815 4063 potest!

317 4085 487 4163 Quantum
511 4090 621 4153 reclus
645 4109 749 4169 amor,
773 4110 839 4172 quo
863 4093 924 4171 vir,
948 4095 986 4156 ut
1009 4093 1150 4158 entheus

205 4194 265 4279 84)
317 4193 421 4259 Plene
444 4197 620 4280 concaluit,
645 4200 755 4263 mente
778 4200 855 4265 tulit
878 4219 914 4264 se
939 4220 1040 4284 super
1065 4200 1219 4268 aethera!
