2632 4718
597 696 840 765 -116—

297 876 336 941 In
360 877 432 943 loca
455 876 596 944 secessit
618 897 687 944 non
709 876 859 943 habitata
881 875 987 959 prius.

253 984 349 1049 Nunc
373 985 440 1049 late
463 985 597 1067 populis
621 1004 717 1049 mons
741 987 791 1050 est
814 982 992 1048 Carthusia
1016 984 1128 1061 notuS,

296 1090 362 1167 Qui
386 1090 524 1155 nimium
547 1091 663 1175 paucis
686 1090 836 1174 cognitus
861 1092 937 1155 ante
961 1088 1032 1153 tuit.

252 1196 323 1260 Illic
347 1196 518 1262 constituit
542 1216 652 1262 sacras
677 1197 818 1263 feliciter
840 1197 941 1261 aedes

186 1303 228 1367 30
296 1303 503 1386 Virendique
527 1322 650 1369 novum
674 1303 783 1386 coepit
806 1303 900 1369 obire
923 1322 1037 1386 genus

253 1410 329 1474 Non
354 1413 391 1474 ut
414 1411 632 1494 Pythagorae,
657 1430 773 1475 verum
796 1408 937 1492 vestigia
960 1407 1085 1474 Christi

299 1517 490 1583 Observans
514 1537 575 1583 esu
598 1517 736 1583 visceris
759 1516 924 1583 abstinuit

252 1622 481 1705 Imposuitque
506 1624 576 1689 suis
600 1627 739 1690 aeterna
762 1623 895 1689 silentia
918 1621 1084 1702 claustrie,

296 1730 479 1795 Nocturnis
503 1750 647 1813 operans
671 1729 914 1813 invigilansque
938 1730 1050 1794 sacris.

185 1837 227 1900 35
253 1836 344 1900 Haec
368 1836 410 1901 ab
434 1835 629 1920 Apostolica
652 1858 728 1903 mox
751 1837 923 1903 maiestate
946 1837 1088 1920 probata

296 1943 453 2025 Undique
477 1943 660 2027 discipulos
684 1945 785 2009 traxit
807 1943 843 2008 in
865 1947 954 2009 astra
978 1943 1042 2008 ria.

253 2050 351 2115 Nunc
374 2050 618 2134 Metapontinos
642 2071 848 2134 magnaeque
873 2049 1031 2115 Crotonis
1063 2049 1218 2115 alumnos
1227 2047 1254 2127 3)

299 2157 404 2221 Nemo
428 2157 508 2221 mihi
533 2157 643 2239 iactet,
668 2157 814 2222 carmine
839 2177 935 2222 nemo
959 2157 1071 2221 canat!

256 2264 386 2328 lncluta
410 2264 566 2329 miriticas
589 2265 697 2347 poscit
716 2265 892 2330 Carthusia
915 2265 1039 2343 laudes,

183 2372 228 2434 40
295 2371 337 2435 Et
361 2390 580 2454 quaecunque
606 2374 668 2437 deo
693 2376 743 2436 est
768 2373 844 2437 inde
869 2373 999 2436 sacrata
1023 2371 1151 2434 domus.

254 2477 318 2542 Hic
341 2478 449 2542 melici
475 2481 633 2542 resonant
658 2483 786 2556 cantus,
812 2478 866 2542 hic
890 2478 1029 2557 mystica
1053 2496 1156 2554 sacra,

297 2584 360 2648 llic
383 2585 491 2668 pietas
517 2587 622 2662 tloret,
647 2585 743 2667 ignea
767 2587 867 2650 corda
891 2585 1025 2649 micant.

251 2690 385 2755 Absunt
409 2691 555 2769 deliciae,
579 2694 694 2776 procul
719 2693 913 2757 illecebrosa
937 2693 1101 2774 volupiae,

295 2798 444 2862 Feminei
469 2800 582 2863 vultus
606 2799 854 2882 blanditiaeque
878 2800 1005 2882 procul.

185 2908 227 2969 45
252 2905 312 2969 Est
335 2906 452 2987 procul
475 2906 589 2971 insecti
614 2907 764 2988 contagio
789 2908 887 2971 noxia
911 2906 1038 2982 muudi,

300 3012 414 3076 Allicit
437 3011 489 3077 bic
512 3014 625 3077 oculos
648 3017 782 3095 praeter
806 3014 949 3077 honesta
972 3012 1064 3076 nihil.

254 3119 368 3200 Longa
390 3119 445 3200 pie
471 3120 641 3184 celebrant
665 3121 746 3185 casti
771 3120 895 3184 ieiunia
920 3122 1047 3198 mystae

297 3225 456 3289 Fundunt
479 3225 630 3291 assiduas
654 3227 696 3290 ad
721 3246 928 3309 superosque
953 3245 1079 3307 preces.

253 3330 354 3407 Felix,
379 3333 434 3413 qui
460 3332 517 3397 tali
541 3333 610 3398 rita
632 3332 788 3398 mercaris
813 3333 1001 3416 Olympum,

187 3439 229 3501 50
296 3436 454 3517 Arnolde,
480 3438 580 3505 Aonii
604 3440 690 3505 sama
716 3441 883 3523 decusque
908 3440 1011 3515 chori,

252 3543 314 3608 Cui
338 3565 414 3608 curn
437 3547 665 3629 grandiloquis
690 3549 768 3611 sunt
792 3549 908 3611 sancta
932 3546 1062 3627 negotia
1086 3546 1191 3627 libris,

300 3650 365 3728 Qui
387 3651 510 3716 fidibus
535 3654 658 3717 nostris
682 3653 882 3736 ingenioque
907 3653 1013 3719 t'ares!

260 3757 373 3823 Lectio
398 3760 546 3823 succedit
568 3761 732 3842 precibus
757 3761 931 3842 fessusque
955 3760 1094 3842 legendo

298 3865 382 3929 Oras
408 3868 442 3928 et
466 3866 589 3931 Mariae
614 3868 715 3932 ssorea
739 3870 828 3931 serta
852 3867 942 3948 legis.

186 3972 228 4035 55
255 3971 424 4053 Principio
448 3973 545 4054 ponis
571 3973 746 4039 candentia
772 3973 838 4039 lilia
861 3977 893 4038 et
917 3972 1012 4038 addis

300 4078 467 4143 Pallentes
491 4078 594 4144 riolas
619 4079 883 4163 Puniceasque4)
909 4100 1011 4145 rosas.

254 4185 308 4248 Sis
332 4184 461 4249 utinam
485 4185 590 4250 nostri
614 4187 748 4268 longum
773 4207 913 4267 memor;
943 4190 1045 4269 utque
1075 4206 1252 4269 repurgem

300 4293 437 4356 Pectora
462 4292 667 4371 criminibus,
690 4295 741 4357 ier
765 4295 899 4377 pietatis
923 4294 1038 4376 opem!
