2632 4718
616 671 834 752 -32-

305 864 339 927 et
355 863 496 928 daemon
505 865 536 947 ⁸⁸)
559 862 736 945 illecebriS‚
761 863 815 928 hic
831 863 971 929 fallaciis
988 863 1059 929 dies
1080 868 1255 950 noctesque

239 972 257 1034 5
304 989 372 1034 non
396 971 541 1033 cessant.

682 1111 765 1176 XLl.

221 1251 284 1319 Ex
311 1250 412 1320 libro
441 1252 618 1321 secundo
650 1251 817 1321 ioannis
848 1252 1051 1322 Francisci
1073 1255 1160 1323 Pici
1190 1255 1237 1324 de

256 1358 390 1427 studio
413 1357 612 1427 humanae
636 1363 677 1426 et
701 1358 857 1428 divinae
880 1358 1172 1448 philosophiae.
1181 1364 1208 1448 ¹)

391 1519 458 1583 lam
483 1520 510 1583 si
537 1520 664 1584 utilitas
688 1519 721 1582 in
747 1519 898 1584 doctrina
922 1520 1072 1602 nihilque
1090 1522 1257 1588 detestan-

304 1626 383 1688 dum
408 1625 512 1707 inagis
536 1626 723 1707 ignorantia
747 1624 900 1690 veritatis
924 1646 1126 1709 omnemque
1153 1632 1259 1693 scieu-

305 1731 385 1794 tiam
416 1750 476 1812 per
507 1752 542 1794 se
574 1733 696 1796 honam
725 1752 797 1796 esse
827 1734 1117 1815 expetendamque
1147 1740 1183 1799 et
1213 1755 1261 1800 ra-

306 1837 476 1922 tiones**)
505 1838 650 1919 probant
674 1842 708 1902 el
731 1840 921 1903 sanctorum
944 1839 1118 1903 hominum
1144 1841 1262 1905 confir-

303 1946 394 2008 mant
418 1945 640 2016 auctoritates,
665 1964 724 2008 eur
740 1945 954 2008 somniculosi
978 1946 1060 2009 adeo
1086 1949 1120 2010 et
1136 1947 1262 2013 inertes

304 2069 420 2112 sumus
466 2051 501 2114 in
540 2051 733 2114 evolvendis
779 2050 899 2115 divinis
946 2051 1086 2133 eloquiis
1125 2073 1262 2118 omnem

304 2155 475 2219 scientiam
495 2157 785 2237 eloquentiamque
809 2157 980 2234 gentilium
998 2157 1263 2224 eminentissime

304 2263 404 2325 etiam
430 2267 562 2343 praeter
586 2264 630 2341 id,
655 2264 743 2344 quod
767 2263 847 2343 ipsis
870 2264 1038 2345 peculiare
1063 2269 1124 2341 est,
1155 2268 1262 2330 conli-

304 2370 459 2431 nentibus
484 2373 584 2450 atque
601 2371 700 2432 etiarn
725 2371 872 2451 ipsarum
893 2370 1040 2451 gentium
1066 2371 1261 2436 testimonio

302 2475 566 2557 superantibus?
606 2476 699 2554 Quia,
724 2476 871 2556 inquam,
896 2477 1116 2557 philosophus
1141 2479 1184 2542 de
1208 2500 1261 2542 re-

303 2601 375 2644 rum
401 2585 519 2645 natura
543 2582 728 2646 absolutius
753 2583 841 2644 lltose
871 2582 1046 2645 tractarit?
1095 2583 1180 2659 Quis
1206 2605 1259 2648 sa-

301 2687 448 2768 pientius
473 2692 573 2769 atque
591 2689 800 2768 prudentius
814 2690 947 2768 quando
964 2691 997 2751 el
1015 2689 1107 2752 rudis
1130 2694 1162 2753 et
1180 2693 1258 2755 sub-

304 2795 476 2857 tilissimus
502 2796 644 2876 quisque
668 2815 707 2857 ex
730 2815 769 2856 eo
795 2795 924 2857 hauriat
949 2814 1114 2875 prosuae
1140 2800 1259 2860 mentis

301 2905 411 2980 captu*
435 2902 525 2980 quod
551 2901 673 2963 nemini
692 2920 848 2981 uinquam
867 2901 1065 2980 scriptorum
1084 2904 1258 2983 gentilium

303 3007 464 3087 contigit?
520 3007 557 3068 ln
583 3027 648 3088 quo
673 3007 829 3070 historico
857 3007 1003 3073 veriores
1029 3009 1259 3088 deprehendes

302 3112 468 3189 historias,
493 3133 592 3193 quarn
618 3115 652 3176 in
670 3113 789 3175 divinis
807 3112 972 3194 eloquiis?
1000 3114 1061 3176 Ubi
1088 3115 1129 3178 de
1146 3136 1259 3180 amore

303 3217 520 3297 enucleatius,
545 3219 718 3282 ardentius
743 3219 951 3301 diviniusque
977 3219 1136 3300 scriptum
1163 3243 1260 3305 repe-

302 3325 385 3402 ries,
410 3345 511 3407 quam
536 3325 567 3388 in
594 3321 750 3403 Psalmis,
783 3328 817 3390 in
847 3327 1060 3390 Canticorurn
1087 3326 1260 3393 Canticis?

301 3432 472 3507 Quaenam
500 3434 635 3496 nroralia
667 3437 845 3515 praerepta
869 3432 1055 3514 copiosiora
1079 3453 1259 3499 consuma-

215 3540 258 3601 20
305 3539 456 3618 tioraque
482 3539 642 3614 risuntur,
668 3559 768 3620 quarn
793 3541 825 3601 in
851 3540 974 3615 Exodo,
1000 3540 1033 3601 in
1052 3541 1262 3606 Deuterono-

302 3644 376 3721 rni0‚
401 3646 436 3707 in
454 3645 693 3709 Salornoniacis
711 3646 872 3726 dogmatis
897 3647 1079 3709 eldenium
1097 3646 1129 3709 in
1148 3648 1261 3712 Eran-

299 3752 413 3831 geliis?
467 3752 528 3814 Uhi
555 3753 750 3833 exquisitior
774 3773 827 3816 ars
861 3753 1045 3816 rhetoricae
1070 3774 1136 3816 non
1162 3755 1261 3821 fictae

301 3863 333 3920 et
358 3858 618 3938 calarnistratae,
652 3862 710 3923 sed
736 3880 846 3937 verae,
876 3880 976 3940 quarn
1008 3859 1043 3922 iu
1069 3861 1261 3943 ProphetiS,

300 3983 399 4045 quarn
424 3966 457 4026 in
485 3966 588 4028 l'aulo
613 3965 773 4046 Apostolo
798 3964 1096 4047 corispicitur?***)

281 4192 306 4256 *l
327 4194 361 4244 lrn
383 4195 457 4245 Text.
471 4195 509 4244 bei
532 4194 622 4245 l’irns:
643 4196 763 4255 doemon,
783 4195 827 4246 ille
847 4195 1053 4250 illecebris...

275 4281 313 4351 *Ἴ
336 4282 367 4333 n:
389 4284 504 4334 rationes
525 4291 558 4337 el.
579 4312 611 4320 -
632 4281 686 4352 m)
709 4284 741 4334 n:
761 4285 945 4338 conscribitur.
