2632 4718
512 764 753 841 -112-

212 950 336 1015 Discite
358 950 520 1029 virentes
544 970 630 1033 quae
654 972 712 1017 ros
736 954 811 1035 post
834 950 902 1017 fata
925 954 1122 1035 sequantur,

125 1058 168 1119 30
261 1055 386 1120 Discite
410 1058 443 1119 et
466 1056 591 1137 ignaris
614 1076 691 1122 mox
713 1057 843 1139 aperite
864 1054 974 1121 riam!

212 1161 314 1242 Felix,
338 1160 396 1243 qui
421 1164 511 1225 reete
534 1162 626 1241 vivit3
649 1162 777 1227 felicior
801 1161 870 1239 ille,

261 1266 326 1343 Qui
350 1267 436 1331 bene
459 1267 603 1332 vivendo
626 1268 743 1349 vulgus
765 1268 838 1345 αι’)
862 1286 920 1331 ore
944 1268 1062 1333 docet!

497 1408 612 1472 Finis
636 1408 834 1492 Scoparii.

129 1632 306 1702 Joannes
329 1632 578 1705 Murmellius
602 1634 775 1705 candido
805 1632 946 1704 lectori
969 1634 1149 1705 mutem.

292 1776 411 1841 Errata
427 1777 462 1841 in
478 1776 639 1859 Scopario
656 1776 938 1859 typographorum
957 1777 1169 1842 testinatione

213 1883 390 1948 commissa
419 1904 460 1947 ex
488 1882 604 1948 ordine
633 1883 828 1965 paginarum
861 1885 896 1946 et
918 1900 1080 1947 versuum
1111 1881 1170 1947 hac

214 1989 249 2051 in
265 1988 394 2069 pagella
417 1988 477 2052 tibi
493 1988 713 2071 corriguntur,
738 1992 776 2053 ut
798 2006 900 2069 parvo
919 1986 1036 2052 labere
1053 1988 1172 2052 librum

214 2094 338 2157 habeas
362 2094 602 2171 emaculatum,
631 2112 697 2175 quo
732 2092 816 2157 nihil
842 2092 934 2156 aliud
969 2093 1172 2172 studuimus,

214 2219 315 2280 quam
339 2199 539 2263 christianos
557 2219 690 2281 pueros
714 2200 943 2263 adolescentes
967 2199 1172 2280 iuvenesque

215 2305 258 2367 ad
283 2304 430 2368 studium
454 2305 603 2368 cultioris
627 2305 835 2368 litteraturae
859 2305 959 2367 simul
984 2310 1018 2368 et
1042 2304 1173 2369 virtutis

216 2410 396 2487 adhortari,
422 2414 458 2474 ut
482 2412 524 2474 ad
548 2430 660 2475 reram
683 2410 883 2492 theologiam
907 2412 1000 2473 recta
1016 2411 1172 2475 methodo

216 2514 395 2580 faciliorem
420 2536 590 2580 accessum
617 2522 873 2597 consequantur.

273 2621 333 2701 (Es
357 2621 435 2701 solgt
459 2624 518 2685 (las
542 2621 752 2685 Verzeiclmis
777 2622 835 2685 der
859 2621 1105 2699 Druckfchler.)

293 2726 369 2805 (hm
383 2728 552 2810 Schlussz)
570 2727 713 2808 lteliqua
730 2730 761 2789 te
778 2725 888 2806 ipsum
905 2725 1002 2789 facile
1019 2726 1169 2789 risurum

215 2850 282 2895 non
300 2832 426 2896 dubito.
456 2833 536 2896 Vale
552 2836 585 2895 et
603 2833 682 2896 haec
699 2833 777 2896 boni
795 2832 929 2895 consule
951 2831 1083 2912 tibique
1099 2851 1171 2913 per-

216 2956 351 3001 suasum
367 2939 464 3014 habe,
488 2938 711 3002 Murmellium
735 2938 867 3001 tametsi
886 2937 985 3001 rebus
1002 2938 1173 3020 complus-

215 3043 297 3106 culis
326 3044 361 3106 in
391 3044 570 3107 Hollandia
595 3043 774 3124 spoliatum
799 3062 982 3124 numquam
1005 3043 1172 3124 pecuniae

215 3147 320 3227 gratia
344 3147 399 3212 diu
416 3148 612 3212 meriturum
636 3148 669 3210 in
687 3168 726 3211 eo
742 3147 922 3229 gymnasie,
946 3148 1036 3210 unde
1054 3148 1171 3229 pueris

130 3255 168 3317 15
216 3252 350 3317 inutiles
374 3253 596 3319 Alexandriae
620 3254 781 3318 balbutiei
806 3252 985 3316 versiculos
1014 3254 1173 3317 extermi-

217 3378 296 3422 nare
321 3378 387 3423 non
411 3359 522 3424 liceat!
563 3359 672 3424 Pluris
696 3359 784 3422 enim
809 3357 1003 3439 pecuniario
1028 3361 1173 3439 quaestu

217 3465 363 3543 legitima
379 3484 560 3546 puerorum
574 3464 718 3528 eruditio
734 3483 867 3545 semper
884 3466 935 3527 est
952 3464 1175 3528 aestimanda.

194 3726 218 3793 *l
239 3727 274 3779 B:
293 3728 329 3781 in.
