2632 4718
528 768 771 832 -106-

566 978 737 1043 CXXVIII.

401 1136 465 1204 Ex
487 1134 658 1205 decretis
682 1134 896 1205 canonicis.

247 1314 522 1379 Dis-tinctione
545 1312 657 1377 XXIV.
709 1314 765 1377 De
787 1312 971 1378 ordinem
997 1316 1146 1395 peten-

598 1418 721 1483 tibus
734 1420 761 1502 ¹)

317 1544 422 1625 Igitur
446 1563 506 1625 per
530 1546 597 1605 tres
621 1542 797 1607 continuos
815 1542 887 1606 dies
909 1541 1090 1623 diligenter
1113 1560 1185 1605 exa·

228 1650 397 1713 minentur
411 1652 445 1713 et
460 1649 509 1712 sic
525 1648 675 1727 sabbato,
691 1647 749 1730 qui
765 1647 897 1729 pmbati
913 1649 1006 1723 sunt,
1029 1647 1184 1729 episcopo

229 1757 535 1836 repraesententur.

268 1946 547 2013 Distinctiouc
569 1946 710 2011 XXXVI.
757 1944 949 2010 (ietasius
972 1920 1134 2029 pupa.‘⁶')¹

319 2071 512 2136 Illitteratos
535 2074 594 2135 aut
617 2071 730 2153 aliqua
759 2074 855 2152 parte
878 2069 1029 2150 corporis
1053 2068 1181 2133 vitiatos

228 2179 279 2241 rel
304 2176 498 2241 imminutos
521 2178 634 2241 nullus
658 2179 851 2259 praesumat
879 2177 921 2240 ud
944 2177 1099 2240 ordinem
1122 2176 1182 2239 cle-

228 2282 369 2347 rIcorurn
394 2304 603 2365 promovere,
621 2285 701 2365 quia
718 2284 839 2347 litteris
856 2301 973 2345 carens
990 2283 1096 2346 sacris
1120 2300 1181 2345 non

230 2392 339 2471 potest
371 2410 444 2452 esse
477 2392 574 2472 aptus
604 2388 722 2453 officiis
754 2392 787 2451 et
819 2389 975 2451 vitiosum
1012 2388 1094 2451 nihil
1124 2388 1180 2450 deo

163 2498 181 2557 5
229 2515 366 2576 prorsus
391 2496 509 2559 offerre
533 2495 652 2577 legalia
674 2496 856 2578 praecepta
879 2498 1073 2558 sanxerunt.

434 2691 477 2752 Iu
500 2689 636 2754 endern
662 2688 981 2765 distinetione.³)

319 2831 393 2893 Non
430 2830 550 2895 sufficii
585 2831 745 2911 praelatis
784 2831 871 2894 bona
906 2831 1117 2893 corruersatio
1150 2829 1180 2891 et

231 2956 359 2999 morum
384 2937 557 3017 honestem,
583 2938 645 3001 nisi
669 2938 811 3002 addatur
838 2935 977 2999 scientio
1002 2935 1180 2999 doctrinae.

456 3131 729 3196 Distirictiono
753 3128 949 3214 XXXVII.4)

268 3233 537 3316 Hieronymus
567 3238 614 3300 nd
643 3239 852 3301 Damasum
883 3254 1034 3318 papam.
1083 3237 1136 3299 De

542 3344 711 3425 prodigo
735 3343 831 3408 filio.

319 3462 362 3525 At
387 3465 598 3529 nuncetiam
624 3468 815 3531 sacerdotes
839 3466 892 3530 dei
919 3466 1051 3529 omissis
1076 3465 1183 3528 Erun-

227 3567 321 3647 geliis
360 3573 392 3632 et
431 3571 607 3653 Prophetis
646 3572 798 3637 ridemus
838 3570 1025 3637 comoedias
1066 3571 1183 3651 legere,

227 3675 389 3740 curatoria
413 3677 638 3742 bucolicorum
664 3699 820 3743 versuum
845 3679 945 3743 rerba
969 3696 1104 3754 canere,
1134 3681 1182 3741 te-

228 3800 307 3845 nere
331 3782 510 3863 Vergilium
534 3787 567 3848 et
591 3785 640 3862 id,
666 3786 757 3867 quod
781 3785 814 3849 in
839 3783 953 3866 pueris
978 3783 1183 3848 necessitatis

162 3890 180 3951 5
227 3890 287 3966 est,
311 3888 437 3950 crimen
461 3887 496 3951 in
520 3910 555 3952 se
580 3892 688 3954 facere
712 3891 904 3973 voluptatis.

432 4081 668 4149 Admonitio
693 4086 874 4150 lectoris.

315 4226 431 4290 Obiter
455 4225 534 4289 mihi
552 4227 714 4292 candidus
738 4228 843 4293 lector
864 4226 1097 4291 admonendus
1120 4226 1181 4301 est,

226 4333 473 4421 Hieronymum
495 4334 641 4413 sentire„
662 4333 820 4396 ‘Verentii
835 4331 1038 4412 Vergiliique
1068 4330 1182 4396 lectio-

96 4412 206 4440 a*
