2632 4718
523 756 744 821 ,43-

129 933 168 995 15
216 930 325 1013 Lyceo
344 930 543 998 Aristotelis
579 931 747 997 acutiores
782 933 964 1016 prodiisse,
999 954 1100 1016 quam
1129 954 1170 1000 ex

214 1039 270 1101 tua
300 1038 445 1102 diatriba
473 1038 715 1119 processerint,
749 1060 858 1122 neque
891 1041 1070 1105 Isocratem
1102 1042 1169 1106 ele-

213 1143 345 1226 gantius
384 1144 558 1224 docuisse,
598 1164 698 1227 quam
736 1147 772 1208 tu
808 1147 944 1224 doceas,
983 1167 1092 1229 neque
1127 1148 1169 1212 ad

214 1249 435 1332 Theophrasti
472 1249 639 1314 officinam
674 1250 933 1332 frequentiorem
970 1272 1183 1317 concursum·

215 1355 333 1427 luisse,
368 1375 468 1438 quam
504 1356 666 1420 hactenus
702 1357 744 1419 ad
775 1360 870 1421 tuum
907 1359 1024 1422 ludum
1058 1358 1166 1423 luerit.

125 1462 169 1525 20
214 1461 302 1538 Quid
321 1461 457 1526 multis?
482 1462 534 1525 Tu
559 1462 654 1526 nobis
671 1462 897 1543 Aristarchus
914 1466 951 1528 tu
968 1463 1168 1546 Carneades,

218 1571 255 1631 lu
284 1568 541 1647 Demosthenes,
580 1571 617 1632 tu
656 1568 911 1633 Archimenides
951 1570 1083 1634 futurus
1122 1590 1168 1634 es.

214 1673 353 1737 Felicior
369 1694 404 1737 es
421 1675 461 1738 ll.
480 1675 602 1751 Tullio,
619 1673 677 1755 qui
693 1676 735 1738 ab
751 1674 892 1739 Athenis
908 1674 1015 1758 (quod
1031 1676 1169 1757 Apollo-

215 1778 291 1842 nius
314 1778 437 1862 Molo‘i)
460 1779 558 1863 dixit)
581 1780 805 1861 eloquentiam
822 1781 962 1845 Romam
985 1782 1164 1846 transtulit.

219 1885 270 1949 Tu
295 1905 373 1950 vero
409 1887 593 1950 rhetoricen
626 1885 661 1948 in
693 1887 800 1970 patria
831 1905 937 1967 paene
965 1889 998 1950 et
1026 1886 1170 1952 didicisti

126 1993 168 2055 25
216 1995 249 2055 et
272 1991 498 2056 curiosissime
527 1993 635 2056 doces
682 1992 799 2074 Neque
829 2013 901 2056 cam
931 1992 1088 2057 alimine
1117 1992 1170 2076 (ut

216 2097 326 2181 aiunt)
355 2099 525 2176 salutasti,
561 2099 620 2162 sed
650 2097 876 2163 abditissimos
911 2098 983 2162 eius
1015 2120 1166 2164 recessus

215 2205 382 2267 scrutatus
406 2224 452 2267 es.
488 2206 556 2268 Sed
573 2204 653 2286 quid
676 2204 710 2267 in
732 2206 785 2269 die
809 2206 979 2269 lucernam
1002 2205 1167 2271 incendo?

220 2311 380 2392 „Semper
396 2311 502 2375 honos
526 2331 715 2392 nomenque
736 2314 829 2376 tuum
851 2312 1032 2394 laudesque
1056 2333 1169 2377 mane-

216 2416 370 2500 bunt.“³)
417 2417 514 2494 Quod
538 2417 581 2481 ad
606 2437 656 2480 me
680 2418 812 2497 attinet,
837 2418 934 2482 mitto
958 2419 1001 2481 ad
1024 2421 1056 2481 te
1080 2418 1169 2481 hunc

129 2524 171 2586 30
217 2542 328 2586 meum
357 2544 395 2586 ex
420 2525 522 2587 fratre
554 2526 720 2605 nepotem,
744 2544 844 2605 quem
867 2527 960 2589 tanto
984 2524 1088 2605 magis
1112 2528 1169 2588 tuo

218 2629 348 2710 scalpro
372 2628 539 2692 efformari
565 2629 680 2712 cupio,
713 2632 840 2711 quanto
870 2629 953 2693 alios
981 2650 1097 2694 omnes
1120 2629 1169 2693 tui

218 2735 345 2798 ordinis
369 2754 519 2815 superas.
566 2735 770 2799 Adolescens
794 2738 844 2800 est
870 2755 935 2800 nou
959 2736 1169 2818 spernendae

217 2840 350 2920 indoliS,
374 2842 434 2904 sed
459 2841 648 2922 aliquanto,
674 2861 773 2923 quam
807 2843 887 2906 satis
917 2845 978 2917 est,
1003 2841 1191 2905 liberalior

217 2945 359 3026 ideoque
383 2947 520 3010 abeunti
549 2948 584 3010 in
615 2947 779 3012 mandatis
804 2948 879 3011 dedi
904 2948 986 3032 et*),
1018 2951 1054 3011 ut
1077 2949 1109 3011 te
1134 2951 1170 3011 ut

218 3055 390 3132 parentem
415 3052 608 3117 observaret
638 3056 671 3116 et
701 3054 876 3136 pecuniam
902 3073 995 3117 suam
1026 3055 1116 3136 apud
1138 3055 1171 3117 te

217 3159 409 3239 deponeret,
433 3157 490 3222 ubi
515 3179 593 3223 vero
617 3159 680 3223 sibi
705 3158 866 3241 pecuniae
892 3179 972 3222 usus
997 3159 1069 3237 erit,
1093 3179 1112 3222 a
1135 3161 1168 3223 te

217 3268 393 3346 repeteret.
429 3266 527 3342 Quod
548 3264 722 3346 superest?
753 3264 801 3327 Te
827 3265 926 3327 etiam
945 3268 1046 3346 atque
1071 3263 1170 3327 etiam

219 3391 308 3452 rogo,
334 3373 371 3435 ut
395 3391 472 3435 eum
496 3371 553 3435 uni
577 3392 616 3434 ex
633 3369 780 3435 classicis
804 3371 870 3433 tuis
889 3369 1057 3452 discipulis
1081 3391 1170 3434 com-

193 3473 372 3561 {merides
419 3476 513 3541 cuius
555 3475 718 3542 sermonis
759 3477 958 3541 commercio
999 3476 1171 3541 facundior

217 3585 251 3646 et
275 3583 405 3647 diutina
429 3582 672 3647 consuetudine
696 3582 811 3647 melior
833 3582 906 3644 lieri
930 3582 1046 3664 possit.
1089 3583 1170 3646 Pro-

138 3681 141 3685 ’
216 3689 295 3753 inde
318 3689 483 3771 quidquid
513 3688 667 3754 beneficii
696 3688 730 3752 in
761 3709 836 3752 eum
861 3689 1059 3766 contuleris,
1088 3689 1168 3752 mihi

216 3796 396 3860 contulisse
419 3797 557 3879 putabo,
583 3815 691 3877 neque
709 3795 923 3872 committam,
948 3795 986 3857 ut
1009 3797 1041 3858 te
1061 3793 1169 3859 officio

90 3926 94 3935 ·
214 3906 359 3967 certasse
382 3904 528 3985 priorem
552 3903 731 3983 poeniteat.
778 3902 871 3965 Vale!

283 4007 442 4087 Stettinii,
466 4027 554 4072 anno
578 4011 654 4091 post
671 4008 841 4072 Christum
866 4011 981 4070 natum
1002 4006 1168 4085 lllDXlllL

127 4116 169 4178 45
216 4119 336 4196 quarto
362 4134 524 4178 nonarum
549 4113 868 4198 Septemb1·ium.**)

194 4343 218 4414 Ἴ
238 4344 316 4399 Fehlt
334 4347 362 4398 iu
381 4345 412 4401 B.
426 4377 458 4384 -
479 4345 519 4414 ”J
539 4345 574 4397 B:
593 4345 765 4414 Septembris
