2632 4718
553 760 773 821 ,ρι-

611 934 708 998 XXII.

121 1056 189 1124 Ex
212 1055 359 1124 tabulis
390 1056 570 1125 eiusdem
596 1056 638 1123 in
670 1061 797 1125 artem
828 1055 1198 1143 componendorum

545 1165 778 1249 versuum.¹)

333 1306 528 1383 Quintiliani
547 1307 672 1370 iudicio
697 1309 869 1388 pociacum
894 1304 1008 1385 oplimi
1034 1309 1065 1368 el
1083 1307 1194 1368 aialim

244 1417 276 1473 el
301 1432 433 1493 semper
458 1413 586 1494 legendi
606 1417 684 1476 sunl
703 1425 747 1475 'ac
772 1411 933 1474 imitandi.
970 1412 1034 1487 Qui
1052 1412 1197 1493 pruden-

242 1521 291 1580 ler
314 1519 414 1581 eliam
432 1520 605 1600 praecipit.
632 1539 754 1600 pucros
780 1518 933 1599 protinus
956 1517 1082 1599 uplimo
1099 1537 1197 1599 prae-

240 1625 366 1704 cepluri
403 1626 581 1688 tradendus
614 1646 707 1701 esse,
733 1644 808 1687 curn
840 1624 873 1685 iu
908 1623 1073 1699 eluendis
1109 1644 1196 1704 quac

240 1731 342 1793 semel
367 1730 562 1798 insederinl.
588 1731 678 1794 viliis
711 1729 889 1793 dilficnllas
913 1728 1056 1793 maxima
1080 1750 1196 1792 conse-

172 1878 178 1893 .
240 1840 373 1917 quatur.
412 1837 556 1901 Proinde
582 1858 647 1901 non
673 1839 753 1901 salis
776 1837 958 1917 prudenter
975 1838 1077 1916 agunt
1095 1836 1197 1916 pleri-

241 1962 315 2022 que,
340 1946 397 2024 qui
423 1944 533 2007 sciolis
558 1947 590 2007 el
609 1943 799 2007 semidoclis
818 1941 1060 2004 lilleraloribus
1077 1940 1196 2006 filiolos
1232 1988 1235 1995 .

240 2068 316 2111 suus
340 2051 477 2112 lraduul
502 2051 711 2126 imbricum,
737 2048 826 2129 apud
851 2066 935 2128 quos
959 2045 1064 2128 iuepli
1082 2068 1196 2111 versus

240 2154 419 2219 Alexandri
451 2157 552 2231 Galli,
586 2157 698 2220 Faceii
728 2159 761 2219 el
790 2153 888 2217 Alani
921 2157 954 2217 ei
990 2153 1055 2215 alia
1089 2155 1196 2234 plera-

239 2282 314 2342 que
341 2282 428 2345 quac
452 2263 639 2327 barbariem
671 2263 776 2338 olent,
808 2259 995 2323 infelicibus
1025 2259 1196 2340 discipulis

154 2372 195 2429 lll
242 2371 487 2449 praeleguulur.
535 2372 619 2433 Sunl
645 2369 745 2432 eliam
777 2388 842 2431 non
869 2366 978 2429 miuus
1003 2365 1112 2444 slubi,
1137 2367 1194 2447 qui

240 2476 451 2539 cubiculariis
469 2475 708 2557 magisterculis
733 2476 855 2538 liberos
873 2493 951 2536 suus
969 2473 1192 2550 commistum,

239 2581 297 2661 qui
331 2582 448 2663 riginli
484 2582 659 2662 lriginlarc
696 2580 808 2662 puer-is
845 2577 997 2641 dissimili
1033 2579 1195 2659 praedilis

240 2688 373 2769 ingenio
392 2691 610 2770 proleclnque
631 2690 726 2769 leuge
744 2686 947 2749 dislaulibus
965 2686 1081 2747 eadem
1099 2705 1195 2765 prae-

240 2795 352 2875 legunl
382 2800 415 2858 el
446 2796 629 2873 inculcanl,
666 2794 791 2857 nullius
825 2793 870 2855 rei
907 2790 1046 2872 perinde
1075 2813 1112 2855 ac
1143 2794 1194 2855 sui

152 2903 190 2961 lsi
239 2903 399 2980 quaestus
429 2901 543 2964 babila
577 2902 715 2965 raliuue.
773 2897 951 2963 Barbaries
985 2896 1101 2959 burum
1135 2900 1194 2961 du-

239 3007 395 3069 meslicns
419 3008 505 3071 inira
531 3008 675 3088 parieles
700 3011 903 3089 ogganniens
927 3019 959 3078 el
984 3006 1016 3067 in
1043 3006 1195 3071 (idelissl'

240 3132 329 3175 mum
366 3134 532 3195 quemque
571 3114 783 3196 impudenler
823 3119 1054 3186 deblaclelans
1094 3134 1193 3195 quam

240 3220 363 3282 leneris
380 3239 558 3301 puerorum
583 3221 702 3301 linguis
729 3230 844 3287 nuceal
863 3231 1095 3310 quantumque
1112 3226 1194 3289 mol-

240 3326 279 3388 lis
303 3328 483 3390 eorundem
515 3328 721 3408 indulgenlia
752 3331 847 3394 bunis
877 3334 1027 3398 moribus
1060 3333 1194 3406 ollicial,

149 3435 192 3495 ‘le
239 3433 313 3512 quis
338 3434 430 3496 brevi
455 3454 607 3498 sermone
632 3436 739 3516 pussil
764 3439 952 3518 explicare?

605 3649 722 3714 XXlll.

152 3767 214 3835 Ex
238 3767 417 3837 eiusdem
440 3769 540 3839 libro
565 3771 895 3860 epigrammatum
920 3775 971 3844 da
995 3775 1173 3863 magistri

384 3881 424 3945 at
447 3876 732 3964 discipulorum
756 3880 906 3950 officiis.
916 3883 943 3967 ¹)

283 4020 328 4082 Ul
352 4021 456 4083 bonas
481 4024 580 4088 aries,
606 4022 746 4093 iuvenis,
772 4024 886 4105 capaci

284 4129 393 4190 Mente
417 4128 598 4208 perdiccas,
623 4130 754 4210 pallens
779 4131 942 4209 laborum,

285 4234 449 4299 Omnibus
473 4235 583 4298 nervis
608 4235 708 4299 animi
734 4238 894 4318 probalos

386 4341 516 4419 Quaere
540 4343 734 4424 magistros!
