2632 4718
494 536 714 603 ..23-

566 749 635 816 vn.

280 887 376 958 Non
398 906 486 959 esse
509 887 596 960 aliia
619 888 922 962 deuehendum

152 1033 265 1112 Absit,
290 1033 319 1098 si
343 1033 491 1115 prudens
515 1034 564 1098 vir
588 1054 634 1114 eo,
661 1037 697 1099 ut
721 1035 879 1101 detractio
903 1035 971 1117 fiat,

200 1159 251 1224 Te
276 1159 359 1224 nulli
384 1162 493 1225 astuta
516 1180 596 1227 voce
621 1180 741 1227 nocere
764 1163 879 1242 decel3

158 1284 308 1367 Obloqui
332 1285 366 1348 in
389 1285 545 1350 absentes
569 1285 854 1369 importunissima
876 1306 930 1352 res
953 1290 1016 1369 est,

65 1413 103 1496 4)
201 1412 279 1489 Qua
301 1409 454 1475 Themim
479 1412 654 1493 expellunt
677 1411 905 1496 iustitiamque
928 1412 1004 1478 duo.

155 1535 319 1619 Quisquis
344 1537 449 1616 abest,
473 1536 654 1602 detractori
677 1538 842 1602 laceratur
865 1537 998 1621 inique3

204 1661 293 1726 Huic
317 1680 452 1745 quoque
476 1661 533 1745 qui
556 1661 672 1741 credit,
695 1661 894 1745 insipienter
918 1663 994 1746 agit,

156 1786 311 1871 Namque
335 1787 429 1870 prius
445 1787 560 1862 credit,
585 1807 685 1871 quam
702 1807 755 1852 res
773 1791 943 1872 comperta
960 1787 1133 1871 probetur,

65 1915 99 1997 8)
200 1913 356 1995 Dumque
380 1912 483 1994 audit,
508 1912 617 1978 rabidi
640 1918 799 1997 provocat
822 1934 881 1978 ora
904 1913 978 1978 viri·

555 2163 642 2228 Vlll.

386 2303 447 2374 De
468 2305 625 2394 ingrato
647 2302 818 2374 homine.

155 2448 300 2514 Foedius
324 2449 452 2530 ingrato
477 2448 560 2513 nihil
584 2450 645 2526 est,
669 2448 760 2531 quod
782 2449 936 2532 procreet
960 2448 1060 2529 orbiS,

67 2577 103 2658 2)
204 2573 353 2638 Invisum
376 2573 468 2638 coelo
493 2572 539 2637 nil
562 2572 665 2655 magis
689 2571 758 2637 edit
779 2573 910 2637 humus.

573 2822 625 2889 IX.

472 2962 520 3032 In
543 2961 730 3035 Gaurum.

158 3109 291 3184 Nescio,
317 3127 375 3171 cur
397 3106 485 3171 tristi
507 3108 602 3173 vultu
626 3107 786 3173 videare?
810 3109 869 3172 Vel
892 3111 967 3174 alra

67 3239 104 3320 2)
203 3234 282 3299 Sors
306 3233 369 3298 tibi
392 3233 443 3298 vel
467 3233 563 3298 nobis
587 3232 723 3315 contigit
746 3232 831 3312 alba,
856 3234 933 3297 scio.

585 3483 621 3546 X.

387 3623 451 3694 Ad
471 3623 557 3694 ludi
577 3623 821 3714 magistrum.

207 3769 292 3834 Ludi
315 3767 519 3851 grammatici
544 3769 710 3851 magister,
734 3772 805 3833 esto

207 3896 335 3960 Morum
360 3893 533 3977 discipulis
558 3895 625 3958 tuis
648 3894 826 3977 probalum

207 4021 393 4102 Exemplar,
418 4021 506 4103 quud
530 4021 650 4088 ament,
675 4020 794 4099 colant,
819 4021 1011 4102 sequantur.

206 4149 271 4213 Fac
295 4166 427 4229 semper
451 4149 555 4230 magis
579 4150 717 4229 expetas
741 4166 860 4211 eorum
