2632 4718
514 776 759 843 ..103-

212 951 345 1033 Maplrei
368 950 471 1033 Vegii,
499 950 619 1033 Angeli
641 951 811 1031 Politiani,
834 949 1010 1033 Baptistae
1028 950 1175 1031 Guarini,

212 1056 360 1137 Erasmi,
389 1060 587 1121 ceterorum.
633 1057 704 1123 Nec
732 1060 845 1121 tamen
876 1075 935 1122 eos
963 1056 1174 1131 damnamus,

212 1162 268 1245 qui
291 1162 487 1227 Terentium
510 1163 625 1246 pueris
649 1183 716 1229 non
739 1164 897 1228 enarrant
919 1162 1093 1243 timentes,
1117 1182 1172 1227 ne-

123 1272 166 1333 40
212 1267 293 1349 quid
322 1267 394 1332 vitii
424 1267 563 1333 rudiims
594 1268 742 1333 inserere
774 1268 958 1332 suaderere
986 1268 1171 1347 videantur,

211 1374 270 1439 sed
304 1374 376 1439 eius
405 1374 477 1438 loco
507 1374 690 1457 scriptores
726 1374 808 1439 alios
837 1374 1028 1455 elegantes,
1057 1394 1170 1438 verum

214 1499 369 1545 censores
392 1478 473 1544 istos
497 1479 749 1561 superciliosos,
778 1480 835 1562 qui
866 1478 942 1543 aliis
965 1478 1171 1543 detrahendo

212 1585 275 1649 sibi
305 1603 427 1649 nornen
462 1588 691 1669 aucupantur,
727 1604 835 1667 aequo
858 1583 913 1647 rix
945 1584 1061 1650 auimo
1084 1584 1168 1649 ferre

214 1709 402 1773 possumus.
449 1690 645 1755 Terentium
667 1690 783 1773 pueris
805 1688 1049 1774 praelegimus,
1073 1693 1111 1754 ut
1133 1709 1168 1753 ex

122 1796 165 1860 45
211 1797 338 1877 optimo
355 1795 547 1861 Latinitatis
569 1802 706 1860 auctore
729 1786 815 1879 pure
838 1794 931 1878 loqui
954 1794 1090 1860 discant
1112 1814 1168 1860 nec

212 1902 302 1967 hunc
325 1921 400 1966 cum
423 1902 568 1983 Vergilio
592 1900 695 1981 solos,
723 1904 761 1966 ut
788 1900 894 1965 nostri
924 1919 1027 1965 canes
1058 1900 1166 1965 crimi-

212 2009 344 2086 nantur,
368 2007 428 2071 sed
451 2009 487 2071 et
510 2006 734 2085 Ambrosium,
758 2006 1011 2088 Hieronymum,
1035 2006 1168 2090 Cypria-

214 2132 312 2191 num,
340 2112 585 2195 Augustinum
614 2112 841 2190 Lactantium,
870 2111 1066 2193 Boethium,
1091 2114 1168 2177 Pru·

213 2218 373 2297 dentium,
399 2220 598 2295 Jurencum,
623 2218 813 2295 Sedulium,
839 2220 1059 2299 Prosperum,
1085 2219 1166 2282 Iaco-

124 2326 167 2389 50
213 2344 308 2403 nem,
332 2324 527 2401 Aratorem,
564 2325 768 2388 Ludoricum
799 2323 932 2405 Bigum,
957 2324 1168 2388 Franciseum

214 2431 342 2508 Picum,
359 2429 545 2511 Baptistam
558 2430 786 2507 Mantuanum,
804 2430 980 2492 Erasmum
1005 2435 1039 2493 et
1063 2434 1168 2495 cetera

212 2537 382 2616 religionis
400 2538 532 2600 nostrae
549 2535 685 2600 lumina.
721 2536 819 2599 Brevi
837 2555 972 2617 quoquc
989 2536 1043 2599 dei
1067 2537 1168 2617 gratia

215 2643 361 2707 futurum
387 2662 571 2724 speramus,
597 2646 633 2706 ut
656 2645 763 2707 toturn
781 2642 980 2706 psalterium
999 2643 1167 2725 discipulis

214 2747 335 2812 nostris
359 2747 535 2827 diligenter
558 2748 770 2829 explicemus
807 2750 929 2812 Verum
954 2749 995 2812 de
1013 2749 1167 2813 Terentio

147 2856 161 2889 ·'
212 2854 313 2918 latius
336 2853 435 2929 alias,
468 2853 583 2935 pueris
612 2855 817 2918 enarrandus
841 2853 885 2915 sit
909 2874 1032 2933 necne,
1058 2855 1167 2918 libello

213 2959 428 3043 peculiariter
452 2959 528 3023 huic
553 2959 598 3023 rei
624 2961 799 3039 destinato,
824 2959 852 3023 si
877 2961 959 3023 deus
985 2961 1086 3024 vitam
1111 2962 1166 3024 dc-

213 3066 309 3144 dcrit,
334 3066 367 3129 iu
392 3070 569 3148 utramque
595 3070 724 3148 partem
748 3066 961 3129 disseremus.

396 3224 540 3289 Eadem
566 3224 879 3305 distinctione.⁸)

301 3349 547 3415 Elaborandmu
590 3354 642 3414 cst
681 3350 795 3433 itaque
835 3349 1088 3427 sacerdotibrrs,
1136 3351 1171 3412 ut

212 3456 433 3537 ignorantiam
459 3477 530 3520 asc
554 3456 649 3539 quasi
665 3460 795 3540 pestem
816 3457 983 3538 quandam
1000 3455 1170 3519 abiiciunt.

379 3651 656 3716 Distinctionc
679 3649 891 3734 xxxi-‘litu

297 3775 488 3839 Toletani
513 3775 680 3840 concilii
702 3777 974 3857 pracceptum.

302 3912 493 3991 ignorantia
531 3917 638 3978 mater
677 3919 874 3979 cunctorum
913 3914 963 3977 est
1010 3932 1170 3983 errorum

212 4018 354 4083 maxime
379 4017 413 4080 in
438 4020 666 4084 sacerdotibus
691 4020 743 4085 dei
768 4020 921 4099 vitanda,
945 4019 1004 4102 qui
1029 4019 1170 4083 docendi

211 4125 357 4191 officium
388 4123 423 4188 in
451 4127 576 4207 populo
607 4127 658 4191 dci
689 4128 921 4208 susceperunt.
970 4126 1170 4191 Sacerdotes

210 4233 300 4300 enirn
324 4252 436 4296 sacras
461 4232 642 4315 scripturas
666 4234 775 4316 legere
798 4233 1034 4311 admonentur,
1066 4233 1170 4298 Paulo

139 4350 158 4416 5
207 4340 376 4435 Aposioio
400 4339 536 4406 dicente
555 4340 602 4403 ad
609 4337 895 4417 inconsumpta
919 4338 1083 4412 ,nitendo
1105 4340 1170 4404 lec-
