2632 4718
490 701 733 763 -117-

575 874 643 938 XII.

72 1011 140 1083 Ad
150 1012 421 1083 venerabilem
437 1016 478 1082 et
493 1012 719 1083 sacerdotio
732 1018 773 1083 et
785 1015 1007 1087 eruditione
1019 1017 1147 1086 virum

107 1120 303 1191 Ioannem
326 1119 639 1202 Modersonium‚
664 1121 837 1191 amicum
861 1121 1111 1213 singularem.

412 1245 473 1315 De
496 1245 575 1314 fine
598 1244 805 1315 bonorum.

100 1411 114 1472 i
144 1407 243 1472 Clare
267 1406 466 1483 ltiodersoni,
492 1404 549 1488 qui
573 1406 815 1470 consuetudine
840 1407 927 1472 dulei

189 1515 295 1579 Docta
318 1511 417 1578 simul
440 1531 569 1577 mecum
594 1513 713 1578 cedere
736 1515 838 1578 verba
862 1515 960 1595 soloe,

143 1620 272 1700 Cernis²
296 1621 333 1684 ut
357 1618 525 1683 adfinem
550 1618 661 1684 cuncti
685 1621 920 1684 contendimus
945 1641 1049 1685 mrum

188 1726 296 1804 Quam
320 1724 420 1790 variis
444 1725 533 1791 ritae
557 1726 773 1809 consiliisque
797 1727 869 1790 viis,

98 1838 118 1899 5
144 1832 207 1898 Hic
229 1833 336 1898 inhiat
360 1833 457 1914 gazis
482 1834 639 1914 congesto
663 1852 793 1915 pauper
817 1832 851 1896 in
875 1853 965 1911 arim,

188 1939 385 2023 Divitiisque
408 1943 504 2024 putat
528 1938 700 2023 pulchrius
724 1959 797 2004 esse
820 1939 913 2004 nihil.

145 2046 205 2111 lile
229 2045 293 2111 sibi
318 2065 455 2128 magnos
479 2045 565 2128 petit
587 2045 783 2110 ambitiosus
808 2047 951 2111 honores

191 2152 240 2217 Αο
262 2153 512 2216 venerabundis
535 2153 657 2233 gaudet
682 2153 806 2235 ubique
830 2153 902 2218 coli.

144 2260 241 2338 Sunt,
254 2257 377 2342 quibus
401 2259 616 2323 essebonum
638 2260 810 2342 praeclara
826 2260 975 2341 potentia
992 2259 1062 2325 visa
1083 2261 1144 2339 est,

78 2368 121 2430 10
190 2365 280 2442 Quos
305 2365 396 2430 iuvat
419 2364 603 2429 innumeris
627 2365 820 2448 imperitare
843 2365 931 2431 riris

145 2472 189 2536 Hi
213 2492 250 2536 se
272 2471 327 2536 rel
350 2491 442 2554 reges
467 2473 585 2552 optant
609 2473 662 2536 rel
687 2473 819 2554 regibus
843 2472 920 2537 addi

189 2577 354 2643 Omnibus
379 2581 412 2642 et
435 2577 521 2642 rotis
546 2577 689 2659 plurima
714 2598 812 2660 posse
837 2581 982 2644 student.

144 2686 239 2763 Sunt,
264 2705 348 2769 quos
373 2685 518 2750 delectat
542 2685 663 2750 dilatae
687 2685 790 2766 gloria
813 2687 935 2765 famam

189 2792 232 2857 Hi
256 2793 385 2857 clarent
409 2811 532 2858 nomen
556 2792 705 2875 qualibet
730 2795 800 2856 arte
824 2811 930 2856 suum.

80 2899 119 2964 15
144 2898 296 2981 Implicat
318 2898 484 2963 illecebris
508 2899 608 2964 fallax
633 2899 812 2983 plerosque
836 2899 1000 2981 voluptas,

188 3004 254 3082 Qui
277 3006 380 3069 nimio
405 3006 517 3070 studio
541 3005 699 3070 deliciosa
721 3006 850 3088 petunt.

143 3114 226 3178 Pars
250 3113 422 3178 hominum
446 3114 575 3191 florent,
600 3114 722 3197 quibus
747 3118 798 3178 est
822 3112 988 3197 sapientia
1012 3114 1114 3190 cordi,

187 3221 229 3284 Et
252 3220 309 3303 qui
333 3240 369 3284 se
394 3240 505 3285 rerum
530 3221 718 3303 cognitione
741 3222 851 3285 beant.

143 3325 303 3391 Nonnulli
327 3328 497 3409 tamquam
520 3327 621 3390 tinem
645 3329 813 3391 sectantur
836 3328 1023 3404 honestum,

75 3436 119 3498 20
188 3434 253 3498 Pro
276 3433 398 3497 virtute
422 3433 544 3516 quibus
568 3434 622 3498 rix
647 3434 747 3499 datur
771 3434 890 3498 umbra
914 3433 1013 3513 boni3

143 3539 228 3604 Nam
253 3540 333 3604 dum
355 3541 540 3623 prudentes
564 3560 624 3622 per
648 3561 683 3604 se
709 3540 856 3623 iustique
881 3539 987 3604 rideri

188 3646 368 3721 Conantur,
392 3649 537 3730 pereunt
560 3665 710 3729 praeque
735 3650 866 3711 tumore
890 3648 1038 3727 crepant.

144 3752 207 3818 Hie
231 3757 320 3818 certe
345 3773 443 3818 nemo
469 3754 597 3818 dicetur
620 3755 692 3818 iure
716 3755 845 3829 beatus,

187 3861 226 3924 111
251 3860 333 3925 coeli
357 3880 525 3925 summum
548 3863 722 3944 permanet
744 3879 819 3924 arce
842 3859 978 3925 bunum.

76 3968 117 4032 25
141 3967 229 4032 lliud
252 3967 286 4030 in
310 3970 446 4031 aeterna
470 3986 534 4048 pax
559 3970 618 4045 est,
644 3971 680 4032 ut
704 3966 822 4047 sentia,
847 3965 921 4044 rita,

186 4075 262 4158 Ipse
286 4074 338 4138 rel
362 4074 533 4139 exundans
557 4073 631 4140 sons
655 4073 812 4150 bonitate,
837 4074 929 4137 deus

142 4180 224 4245 illue
248 4179 398 4244 iustitiae
421 4179 580 4262 gradibus
604 4179 760 4261 nitamur,
784 4177 905 4258 amice;

187 4285 252 4365 Qui
275 4286 397 4352 fruitur
420 4286 490 4369 tali,
514 4285 560 4351 nil
585 4287 678 4370 cupit
700 4286 768 4367 ille,
791 4287 888 4352 buno,

500 4411 714 4424 ———
