2632 4718
631 718 826 780 ..6-

197 892 245 956 ila
267 891 335 970 fiat,
359 891 514 974 equidem
538 892 701 970 admiror3
726 889 798 956 fieri
822 894 934 955 tamen
959 890 1092 954 illorum
1116 890 1266 973 ipsorum

199 998 393 1063 leslimonio
410 998 524 1081 liquet,
549 997 606 1081 qui
630 999 664 1062 in
689 998 752 1061 hoe
769 996 926 1062 carminis
946 1017 1065 1077 genere
1090 1000 1166 1061 ante
1183 997 1267 1063 alios

199 1105 394 1170 floruerunt.
440 1104 497 1169 Ail
520 1104 609 1168 enim
632 1105 674 1168 de
699 1125 734 1168 se
759 1104 958 1185 Propertius
968 1103 1014 1186 8):

291 1210 484 1292 „Ingenium
509 1210 605 1274 nobis
628 1209 701 1291 ipsa
724 1209 838 1292 puella
861 1208 968 1274 facil.“

199 1315 261 1380 Cui
284 1315 468 1380 subscribit
490 1314 653 1380 Martialis
662 1313 700 1395 ⁹),
724 1334 801 1379 cum
824 1313 953 1397 inquit:

246 1420 406 1503 „Cynthia
428 1423 461 1487 te
484 1425 594 1486 vatem
617 1420 705 1500 feeit,
729 1419 849 1486 lascive
874 1421 1040 1503 Properti,

287 1528 463 1608 Ingenium
487 1527 573 1592 Galli
597 1527 736 1609 pulchra
760 1526 894 1604 Lycoris
918 1530 999 1591 erat.

243 1634 345 1698 Fama
367 1637 418 1698 esl
441 1633 549 1714 argnti
573 1632 726 1698 Nemesis
750 1634 894 1698 formosa
917 1632 1053 1711 Tibulli,

287 1740 411 1804 Lesbia
433 1738 582 1819 dictavit,
608 1739 705 1803 docte
729 1738 870 1816 Catulle,
894 1738 986 1803 libi.“

200 1846 318 1928 Neque
329 1865 409 1910 vero
422 1845 457 1910 id
468 1843 820 1928 Ovidius¹⁰)diffiletur
832 1846 922 1908 liuno
934 1845 968 1908 in
981 1845 1115 1911 modum
1129 1865 1269 1912 canens:

247 1954 415 2032 „Moverat
439 1951 610 2033 ingenium
633 1954 737 2016 totam
762 1953 895 2016 canlala
917 1970 980 2033 per
1002 1952 1120 2015 urbem

289 2058 432 2124 Nomine
456 2078 523 2123 non
546 2078 627 2124 vero
651 2057 738 2122 dicta
763 2057 909 2123 Corinna
934 2057 1043 2122 mihi.“

199 2165 321 2247 Atque,
347 2167 385 2229 ut
409 2186 449 2230 ex
464 2164 707 2229 reoenIIoribus
731 2164 782 2227 vel
811 2183 878 2227 uno
905 2167 990 2228 tesle
1019 2166 1101 2242 utar,
1126 2164 1268 2247 Campa-

200 2271 314 2356 nus¹¹)
338 2272 378 2336 de
402 2271 514 2354 puella
537 2271 584 2335 sio
608 2271 705 2336 lusit:

248 2378 349 2457 „Inde
373 2378 483 2442 fluunt
507 2381 607 2456 artes,
631 2378 709 2441 Inde
734 2377 939 2441 inoremonla
963 2378 1095 2460 capacis

289 2483 416 2564 Ingenii
440 2487 473 2548 et
497 2486 586 2548 rocio
610 2483 745 2548 tramile
769 2484 872 2547 ourril
897 2489 1034 2565 equus.“

199 2590 289 2655 Idem
315 2591 409 2655 alibi:

291 2747 323 2776 „.
351 2745 358 2760 .
384 2746 391 2760 .
417 2699 525 2762 Diolal
548 2699 659 2761 Venus
685 2716 786 2760 aurea
811 2697 907 2760 nobis

289 2803 388 2867 Edita
411 2822 471 2885 per·
494 2804 635 2868 blandos
660 2804 760 2867 rerba
784 2803 894 2867 iocosa
918 2804 1050 2886 pedes.“

201 2909 267 2972 Sed
292 2910 332 2973 de
356 2909 408 2972 his
432 2910 513 2974 salis
538 2910 723 2993 superque!
754 2910 844 2988 Valo,
868 2908 918 2973 vir
942 2909 1204 2974 ominenlissime
1229 2932 1268 2974 ae

200 3014 331 3079 domine
355 3035 436 3097 prae
460 3016 581 3080 celeris
604 3016 752 3087 colende,
778 3036 908 3097 meque,
934 3020 971 3080 ul
995 3018 1092 3096 soles,
1116 3019 1209 3082 amu!

290 3122 328 3185 ln
352 3121 436 3185 urbe
459 3123 713 3187 llonasteriensi
739 3123 866 3186 decimo
891 3123 1054 3187 Calendas
1078 3124 1154 3188 Maii
1180 3144 1267 3188 anno

200 3247 220 3291 a
249 3227 353 3291 natali
387 3227 577 3293 Chrisliano
613 3248 714 3311 supra
749 3229 961 3292 millesimum
998 3229 1266 3312 quingonlesimo

200 3333 353 3416 septimo.
