2632 4718
612 557 833 624 ..55-

218 736 238 803 5
285 738 318 802 et
350 736 422 819 ipse
453 735 592 801 claudus
622 735 792 801 ambulare
822 733 959 801 disces.“
997 734 1190 822 Petrarca¹)
1218 734 1255 800 in

284 843 466 910 Bucolicis:

289 951 477 1029 „Pastorem
501 951 624 1034 pastor,
648 950 809 1033 pecudem
832 968 935 1032 pecus
957 947 1063 1015 inficit
1085 953 1215 1033 aegra.“

285 1054 774 1142 Seneca2)inepisr01avl1:
814 1056 916 1136 ,Cum
945 1056 997 1122 his
1024 1076 1165 1137 versare,
1196 1057 1255 1141 qui

285 1169 319 1230 te
342 1164 512 1230 meliorem
535 1162 656 1229 tacturi
679 1166 765 1228 sunt.
813 1164 892 1229 Illos
919 1163 1074 1242 admitte,
1104 1182 1189 1247 quos
1218 1168 1256 1229 tu

200 1275 241 1358 10
288 1275 383 1358 potes
399 1272 506 1338 facere
523 1272 685 1337 meliores.
715 1272 829 1338 Mutuo
845 1270 909 1336 ista
924 1270 1020 1352 fiunt,
1043 1273 1077 1337 et
1092 1273 1255 1352 homines,

287 1381 367 1445 dum
395 1380 525 1455 docent,
555 1379 716 1444 discunt.“
766 1378 997 1463 Aristotelesl)
1024 1379 1060 1443 in
1088 1379 1132 1444 IX
1159 1379 1256 1444 Ethi-

288 1506 403 1552 corum
437 1485 621 1551 volumine:
670 1485 803 1564 „Disces
836 1505 876 1550 en
907 1485 1064 1552 studiosis
1098 1486 1257 1551 nimirum

290 1593 419 1676 optima
457 1597 618 1675 semper.“
677 1593 728 1658 Sit
766 1593 961 1659 adolescens
999 1612 1076 1676 erga
1114 1593 1257 1673 sodales,

288 1699 543 1766 contubernales
566 1701 601 1765 et
623 1717 737 1764 omnes
760 1700 1004 1784 condiscipulos
1024 1700 1205 1765 benevolus
1222 1702 1258 1765 et

203 1809 241 1874 15
287 1808 525 1890 perhumanus,
549 1806 800 1892 probatissimos
824 1825 974 1890 quosque
994 1809 1027 1871 et
1044 1805 1258 1890 diligentissi-

288 1934 359 1980 mos
383 1917 471 1979 amet
493 1913 601 1997 iisque
626 1933 661 1978 se
686 1914 860 1997 adiungat,
896 1933 971 1978 cum
1000 1914 1049 1979 eis
1078 1933 1115 1978 se
1138 1914 1258 1978 crebro

288 2023 324 2087 in
346 2021 466 2087 litteris
486 2023 656 2098 exercitet,
681 2021 799 2087 Latino
816 2040 947 2105 semper
962 2039 1115 2109 sermone
1134 2023 1259 2103 utatur,

289 2129 518 2213 congrediatur
531 2128 629 2193 etiam
639 2148 879 2210 nonnunquam
889 2128 1059 2193 dialectico
1068 2127 1257 2192 certamine.

289 2238 328 2303 Id
343 2238 431 2302 enim
452 2236 620 2317 ingenium
638 2237 737 2316 acuit,
762 2235 908 2319 linguam
924 2236 1034 2300 erudit
1049 2235 1260 2300 memoriam-

204 2348 246 2412 20
293 2365 358 2428 que
382 2341 563 2409 confirmat.
611 2343 745 2427 Optima
776 2348 827 2408 est
854 2342 1040 2409 studiorum
1069 2343 1258 2408 aemulatio.

294 2453 391 2517 Unde
406 2450 616 2531 Aristoteles,
640 2451 870 2532 interrogatus,
895 2469 961 2533 quo
984 2453 1081 2532 pacto
1105 2448 1262 2533 discipuli

290 2558 419 2642 egregie
434 2557 644 2640 proficerent,
671 2557 726 2637 ,Si
743 2558 1024 2636 excellentiores“,
1041 2554 1135 2640 ait,4)
1162 2575 1261 2638 „pro-

291 2668 469 2749 sequentes
513 2665 675 2731 tardiores
718 2684 784 2731 non
828 2664 1035 2730 attendant“.
1098 2663 1260 2730 Generosi

291 2772 391 2838 animi
410 2774 471 2850 est,
489 2773 611 2849 dolere,
635 2793 671 2837 se
688 2771 773 2836 vinci
791 2773 823 2834 et
840 2775 874 2835 in
891 2771 1006 2834 eodem
1023 2769 1123 2834 studii
1139 2789 1260 2852 genere

203 2880 244 2945 25
290 2879 498 2944 versantibus
521 2878 678 2963 postponi
703 2898 740 2943 ac
763 2879 859 2960 quasi
882 2877 1087 2942 hebetiorem
1103 2877 1258 2960 relinqui.

294 2986 406 3066 „Licet
434 2985 543 3067 ipsa“,
582 2988 619 3051 ut
651 2986 697 3051 ait
731 2983 903 3071 Fabius5),
946 2983 1081 3063 „vitium
1117 2983 1162 3048 sit
1190 3005 1259 3050 am-

290 3093 384 3173 bitio,
407 3093 599 3177 frequenter
622 3095 733 3159 tamen
757 3113 857 3158 causa
881 3092 1041 3156 virtutum
1065 3094 1145 3155 est.“
1184 3091 1260 3157 Non

291 3201 415 3282 pudeat
454 3200 688 3277 indoctiorem,
728 3200 769 3265 ab
811 3200 892 3277 alio,
932 3199 988 3280 qui
1028 3197 1165 3279 peritior
1206 3197 1259 3278 sit,

292 3307 428 3373 discere.
475 3308 581 3373 Malus
604 3309 713 3391 pudor
735 3309 801 3389 est,
831 3326 896 3389 quo
926 3325 945 3369 a
976 3305 1128 3389 profectu
1155 3305 1260 3388 impe-

205 3414 248 3479 30
293 3415 411 3479 dimur.
450 3414 624 3480 Habeatur
656 3432 787 3497 semper
817 3412 852 3476 in
880 3415 1015 3494 pectore
1039 3412 1260 3478 Horatianum

291 3520 423 3608 illud⁶):

340 3629 426 3708 ,Cur
450 3628 576 3694 nescire
598 3629 728 3712 pudens
748 3647 851 3711 prave
868 3647 968 3709 quam
986 3627 1113 3692 discere
1129 3626 1257 3691 malou

294 3737 369 3801 Non
393 3739 547 3819 gravetur
570 3738 672 3801 etiam
701 3735 835 3815 doctior,
863 3735 1102 3819 imperitiorem
1131 3734 1260 3813 docere,

294 3862 370 3908 nam
399 3846 484 3907 teste
512 3843 716 3920 Quintiliano
745 3843 909 3925 optimum
937 3841 1133 3926 proficiendi
1156 3860 1259 3924 genus

206 3950 247 4014 35
295 3954 346 4015 est
370 3951 498 4031 docere,
523 3971 609 4032 quae
626 3951 791 4015 didiceris.
816 3946 979 4033 Seneea⁷)
994 3949 1028 4013 in
1044 3949 1104 4012 Vll
1121 3947 1262 4029 epistola

293 4058 344 4122 his
368 4057 478 4122 verbis
502 4058 620 4122 utitur:
653 4059 711 4138 ,ln
735 4058 796 4121 hoc
821 4057 946 4141 aliquid
970 4057 1097 4139 gaudeo
1122 4054 1260 4133 discere,

295 4168 330 4230 ut
363 4165 513 4247 doceam,
551 4185 612 4230 nec
639 4185 692 4230 me
719 4165 787 4230 ulla
814 4184 867 4229 res
892 4164 1082 4244 delectabit,
1117 4163 1195 4227 licet
1218 4161 1261 4226 sit
