2632 4718
518 824 560 837 -
606 778 650 856 9ss
695 823 741 838 ..

569 966 692 1052 orne>

157 1126 159 1131 ·
253 1104 452 1175 Differunt
473 1104 649 1195 theologi
671 1112 712 1176 et
733 1106 1006 1195 theologistae.

141 1801 159 1863 5

140 2789 159 2852 5

140 3690 160 3752 5

118 4222 159 4285 10

275 1211 453 1283 loannes
474 1212 669 1283 Reuchlin
691 1212 735 1283 in
757 1213 988 1301 apologiae

294 1374 450 1455 Magnum
473 1374 576 1457 igitur
595 1374 707 1453 chaos,
730 1374 874 1438 maxima
889 1375 1110 1457 intercapedo
1134 1380 1166 1439 et

206 1478 379 1544 notissima
401 1480 489 1544 inter
505 1480 675 1563 theologos
691 1482 725 1545 et
739 1479 955 1562 theologistas
972 1480 1165 1545 differentia

207 1588 267 1666 est,
293 1586 401 1668 qualis
424 1586 512 1650 inter
534 1585 695 1651 virtutem
719 1586 901 1665 civilium,
924 1586 1014 1650 inter
1036 1587 1165 1651 bonum

207 1693 241 1755 et
265 1692 405 1771 rnalum,
428 1690 514 1756 inter
536 1692 683 1757 fucatum
707 1696 741 1756 ct
764 1712 907 1770 merum,
930 1691 1019 1756 inter
1043 1693 1166 1757 laisum

206 1800 240 1862 et
262 1818 398 1876 verum,
426 1797 559 1863 tametsi
591 1798 683 1863 nullo
707 1797 897 1863 discrimine
925 1818 1043 1862 omnes
1067 1799 1167 1881 vulgo

205 1905 350 1986 theologi
373 1905 595 1989 appellentur.

567 2096 700 2182 omre)

553 2219 674 2289 Idem.
687 2222 714 2305 ¹)

296 2363 392 2426 Unde
416 2366 505 2426 recte
530 2363 693 2427 dillinilur
717 2363 907 2445 tlreologuS,
937 2364 994 2444 qui
1020 2363 1056 2426 in
1082 2365 1164 2427 rliri-

211 2469 263 2532 nis
299 2489 374 2533 cum
417 2469 556 2534 scientia
584 2469 720 2551 pietatis
760 2469 882 2533 virtute
917 2490 955 2533 ac
986 2471 1166 2535 sanctitate

205 2579 256 2638 est
287 2577 469 2658 praeditus.
528 2576 741 2657 Tlreologista
776 2580 841 2649 est,
877 2577 934 2659 qui
969 2576 1006 2639 in
1041 2578 1164 2642 divinis

207 2680 348 2746 scientia
378 2681 601 2746 contentionis
631 2682 763 2759 nititur,
793 2682 883 2745 ritiis
907 2685 940 2745 et
964 2682 1165 2748 criminibus

206 2787 413 2869 inquinatur.

573 2964 688 3028 CXIII.

322 3105 514 3173 Erasmus
537 3103 712 3172 Martino
736 3103 896 3193 Dorpio.
910 3107 932 3185 ¹)

296 3265 405 3328 Habet
439 3266 543 3337 enim,
579 3265 614 3328 id
645 3267 734 3347 quod
764 3264 798 3327 iu
823 3267 977 3329 confesso
1002 3270 1070 3345 est,
1103 3268 1167 3331 hoc

208 3371 380 3437 hominum
402 3391 507 3453 genus
531 3370 689 3434 admistos
714 3373 876 3453 quosdam
900 3373 1047 3453 primum
1073 3373 1167 3453 inge-

208 3479 264 3541 nio
288 3478 479 3559 iudicioque
503 3479 586 3542 adeo
610 3477 744 3551 infelici,
769 3480 806 3540 ut
830 3478 870 3541 ad
895 3478 1004 3541 mrllas
1027 3479 1166 3543 omnino

206 3585 334 3648 litteras
359 3585 426 3647 sint
450 3584 607 3666 appositi,
632 3585 755 3647 nedum
780 3584 992 3665 theologicas
1034 3584 1166 3649 Deinde

206 3693 426 3772 posteaquam
450 3691 610 3772 pauculas
632 3689 811 3754 Alexandri
828 3689 913 3754 Galli
937 3690 1070 3771 regulas
1094 3692 1167 3755 edi·

207 3795 356 3871 dicerint,
369 3797 411 3859 ad
428 3797 509 3859 haec
525 3797 699 3878 paululum
717 3795 944 3877 ineptissimae
962 3796 1166 3876 sophistices

211 3901 392 3982 attigerint,
416 3904 493 3983 post
510 3922 548 3964 ex
563 3902 744 3966 Aristotele
762 3903 877 3966 decem
899 3903 1070 3966 tenuerint
1087 3922 1166 3985 pro-

207 4006 390 4088 positiones
415 4027 476 4069 nec
500 4008 559 4070 has
584 4007 783 4079 intellectas,
808 4011 977 4090 postremo
1003 4028 1041 4072 ex
1063 4010 1166 4073 Scoto

207 4116 265 4177 aut
290 4112 411 4176 Occam
435 4112 572 4177 totidem
598 4113 795 4177 edidicerint
820 4115 1051 4196 quaestiones,
1076 4117 1167 4196 quod

205 4223 368 4299 superest,
394 4240 432 4283 ex
457 4219 636 4293 Catlrolico,
660 4221 927 4285 Itlammaetrecto
952 4222 984 4283 et
1008 4221 1167 4284 consimi-

183 4379 206 4450 Ἴ
227 4379 279 4430 Dus
298 4379 405 4447 liupitel
425 4378 491 4431 lelrlt
509 4380 537 4431 in
557 4379 587 4430 Β.
