2632 4718
555 687 775 752 ...69-

124 863 168 928 55
195 861 377 946 Apparent
400 863 525 928 multae.
549 863 719 928 sulcantes
743 863 883 927 llumina
906 883 1048 947 puppes,

242 968 348 1050 Copia
371 987 491 1052 magna
513 969 637 1053 quibus
661 971 896 1054 suppeditatur
918 991 1030 1053 opum.

196 1075 226 1139 Ο
251 1095 313 1139 nos
337 1074 461 1152 felices,
484 1094 505 1138 o
528 1095 600 1154 nos,
625 1075 784 1156 Hennes,
808 1076 935 1153 beatos,

243 1180 335 1258 Quos
357 1182 445 1248 hanc
468 1181 503 1247 in
527 1183 634 1247 lucem
658 1182 768 1266 patria
791 1184 886 1249 tanta
910 1184 1014 1248 dedit!

196 1287 269 1353 Hac
292 1288 422 1352 utinam
445 1288 551 1353 iuncti
574 1290 683 1370 patria
705 1289 881 1372 iungamur
904 1290 940 1354 in
964 1290 1031 1364 illa,

128 1398 173 1459 00
245 1395 314 1459 Pax
337 1393 395 1459 uhi
420 1396 520 1472 certa,
544 1394 634 1460 salus
657 1415 745 1471 vera,
769 1396 925 1478 perennis
949 1396 1070 1476 honor3

199 1500 274 1578 Qua
297 1500 395 1583 pater
416 1500 640 1583 omnipotens,
664 1521 794 1567 summa
817 1502 1022 1568 clarissimus
1046 1523 1133 1580 arce,

243 1606 457 1691 Conspicitur
480 1608 605 1673 sanctis
629 1607 862 1691 coelicolisque
887 1609 984 1674 viris!

627 1944 709 2009 XVI.

150 2082 217 2154 Ad
239 2083 413 2154 amioum
435 2083 649 2172 quendam.
689 2083 750 2154 De
773 2083 892 2154 laude
915 2085 1175 2173 paupertatis.
1222 2166 1226 2175 .

155 2249 169 2309 l
199 2245 276 2311 Non
298 2247 357 2310 tua
380 2243 532 2310 centenis
555 2243 752 2309 scinduntur
775 2244 889 2328 iugera
912 2245 1029 2322 hobus

243 2351 350 2416 Divite
375 2370 441 2415 non
465 2370 543 2417 arca
565 2351 656 2416 fulva
679 2350 816 2416 metalla
838 2352 938 2433 tegis3

197 2458 247 2522 Te
270 2461 384 2523 tamen
408 2461 442 2523 et
465 2477 596 2523 moeror
620 2456 740 2539 refugit
763 2477 929 2540 curaeque
950 2457 1151 2539 relinquunt,

242 2563 458 2646 Tranquillus
481 2564 586 2629 laetos
609 2564 766 2645 transigis
790 2583 898 2646 usque
922 2563 1001 2628 dies.

151 2673 172 2735 5
198 2671 242 2735 Ut
266 2670 435 2752 quondam
458 2670 564 2735 fertur
588 2690 664 2735 cum
687 2690 764 2735 cara
788 2689 889 2734 uxore
914 2671 1086 2735 Philemon

243 2768 375 2858 Pauper
397 2777 433 2841 in
456 2775 573 2861 exigua
597 2776 811 2842 consenuisse
835 2796 921 2853 casa,

198 2883 263 2960 Qui
288 2884 520 2967 paupertatem
545 2902 607 2948 neo
630 2882 745 2965 iniqua
768 2886 879 2947 monte
903 2882 1031 2948 ferebat

244 2989 315 3055 Nec
338 3009 452 3071 regum
476 2989 615 3054 miseras
639 2988 848 3071 discupiebat
871 3007 969 3070 opes;

197 3096 302 3161 Cuius
325 3096 368 3160 ad
391 3095 576 3180 hospitium
599 3096 755 3177 dignatus
779 3095 930 3177 luppiter
954 3095 1003 3160 irc

134 3203 175 3267 10
243 3202 492 3285 Mercuriusque
515 3222 577 3267 suo
601 3222 678 3266 cum
700 3201 849 3284 genitore
873 3200 950 3265 suit:

196 3309 253 3373 Sic
274 3311 335 3374 tua
358 3308 505 3374 decurrit
528 3309 653 3392 populo
677 3306 840 3373 mirabilis
865 3311 967 3384 aetas,

243 3415 288 3480 Ut
312 3418 404 3480 certe
428 3415 557 3480 nullum
580 3416 666 3480 ferre
689 3413 816 3499 puteris
839 3434 933 3480 onus

199 3520 339 3603 Spernis
364 3522 465 3601 enim,
489 3521 595 3586 solida
619 3522 729 3586 nitens
754 3521 890 3598 virtute,
915 3522 1057 3586 caducas

242 3627 393 3705 Divitias,
417 3627 479 3692 soli
502 3627 579 3694 fidis
604 3631 637 3693 et
660 3628 733 3711 ipse
758 3628 831 3691 deo.

134 3735 173 3797 15
198 3733 332 3816 Optima
356 3734 422 3799 dux
444 3733 542 3812 vitae,
567 3738 730 3818 quantum
756 3735 875 3798 natura
899 3732 1055 3816 requirat,

222 3840 349 3918 -Nosti‚
373 3839 427 3905 cui
452 3843 533 3905 satis
557 3845 608 3906 est
630 3840 728 3923 panis
752 3842 785 3904 et
808 3841 947 3904 haustus
971 3860 1088 3922 aquae.

198 3946 274 4011 Non
297 3949 331 4011 te
356 3947 534 4013 discruciat
557 3949 685 4012 tristem
708 3947 864 4012 morbosa
887 3951 1043 4012 senectus

242 4053 312 4119 Nec
335 4056 547 4138 captatorum
569 4053 670 4137 stipat
694 4053 810 4135 iniqua
833 4053 962 4118 cohors.

198 4158 251 4224 Ad
274 4180 415 4243 superos
438 4160 555 4225 crebro
579 4161 730 4225 dextram
754 4160 929 4224 contendis
953 4163 986 4224 et
1010 4180 1078 4235 ora,

131 4267 175 4330 20
242 4266 298 4330 Nil
321 4265 379 4331 ubi
402 4266 595 4349 iucundum,
620 4266 724 4342 dulce,
748 4265 882 4331 salubre
907 4267 1009 4331 deest.
