2632 4718
513 728 727 799 ‚31-

153 913 282 978 Aeacus
306 912 463 995 Europae
487 911 638 995 populos,
663 910 763 976 Asiae
788 911 1041 976 eradamantus

84 1023 128 1085 50
196 1019 333 1095 Iudicat,
358 1021 410 1084 nst
434 1019 543 1083 ltiiuos
567 1038 668 1083 aurea
692 1021 824 1101 sceptra
848 1021 952 1082 tenet.

151 1126 235 1190 Illuc
259 1126 441 1190 descendes
466 1125 691 1189 delatraturus
715 1125 750 1188 in
773 1144 888 1188 omnes

199 1233 283 1296 Cum
308 1231 418 1296 Furiis
442 1251 540 1295 saera
564 1232 759 1313 garrulitate
783 1230 864 1294 dies.

162 1339 307 1403 Credere
331 1339 358 1402 si
384 1338 520 1420 dignum
545 1340 604 1413 est,
629 1337 765 1401 rabidus
789 1337 835 1401 sie
859 1336 1024 1400 Cerberus
1047 1337 1124 1400 elim

199 1445 316 1510 Fertur
340 1445 382 1508 ad
407 1444 555 1509 infernas
580 1443 820 1527 praecipitatus
845 1448 978 1526 ac1uas.“

84 1552 128 1614 65
156 1552 339 1633 Postquam
364 1551 412 1614 sic
436 1550 791 1633 lrmninernpudeseci,
817 1551 924 1614 laetus
949 1549 1091 1615 abibam.

200 1657 258 1720 llle
282 1658 494 1733 reclamabat,
519 1658 578 1721 sed
603 1656 681 1720 mihi
705 1656 782 1721 finis
807 1660 886 1720 erat.

587 1901 654 1966 XV.

467 2025 531 2095 Ad
552 2025 725 2095 Florum.
736 2025 760 2106 ¹)

374 2149 611 2219 Devenere
635 2152 675 2217 et
698 2147 853 2217 Amore.

111 2300 125 2358 1
158 2295 203 2358 Ut
226 2293 286 2357 tibi
311 2292 496 2357 describam
520 2294 686 2357 Venerem
709 2312 785 2355 cum
810 2291 912 2373 prole,
937 2290 1101 2373 frequenti

203 2400 232 2463 Α
257 2419 309 2463 me
334 2399 517 2474 contendis,
542 2397 682 2463 candide
705 2398 811 2474 Flore,
835 2418 944 2481 prece.

155 2509 263 2588 Saepe
288 2505 445 2581 recusari,
470 2505 599 2569 blusam
623 2504 794 2568 confessus
818 2508 980 2586 agrestem

203 2614 323 2677 Pectus
346 2616 379 2676 et
402 2612 564 2676 incultum
588 2609 832 2692 sollicitumque
858 2610 966 2673 nimis.

110 2723 130 2783 5
156 2719 203 2783 At
226 2719 361 2783 landem
385 2718 492 2783 rictus
515 2716 626 2781 verbis
651 2720 821 2798 utcunque
846 2717 969 2781 coactis

203 2824 373 2908 Ingenium
399 2823 542 2906 Cypriae
566 2823 703 2906 pingere
726 2826 819 2886 tento
844 2824 934 2898 deae,

157 2933 263 2996 Tento
287 2931 493 3015 Cupidineas
516 2950 617 2994 versu
641 2930 826 3011 producere
850 2951 969 2999 mores.

202 3040 401 3121 perspectos
424 3038 563 3120 laqueos
586 3039 621 3100 ut
646 3035 763 3119 procul
788 3035 948 3117 aufugias.

161 3145 222 3208 Est
244 3146 357 3208 venus
381 3143 511 3225 egregio
536 3143 670 3208 latitans
694 3142 757 3205 sub
781 3162 920 3223 corpere
945 3143 1057 3224 pestis,

92 3254 139 3317 10
208 3251 311 3315 Dulce
334 3249 458 3314 malum
483 3250 570 3314 laeta
593 3248 700 3313 fronte
724 3267 854 3312 venena
878 3251 1008 3329 tegens3

158 3357 335 3423 Blanditiis
358 3357 509 3438 palpans,
534 3355 684 3421 verbosis
709 3353 837 3419 lusibus
861 3355 947 3432 illex,

203 3463 325 3529 Suaria
349 3464 431 3527 dans
455 3464 581 3527 teneris
606 3460 793 3544 peruiciosa
818 3463 928 3542 genis:

159 3570 253 3647 Quae
278 3571 344 3634 cito
368 3572 401 3633 te
425 3569 543 3650 capiat,
568 3587 653 3649 quae
678 3567 921 3631 cousuetudine
945 3567 1051 3649 prima

203 3677 352 3741 Delectet
376 3675 535 3739 miserum
560 3675 775 3755 detineatque
800 3673 867 3747 diu,

94 3786 134 3847 15
160 3783 227 3847 Sed
250 3781 307 3847 cui
330 3783 491 3848 moeroris
515 3781 599 3863 plus,
623 3800 724 3862 quam
750 3779 936 3843 dulcedinis
960 3778 1049 3855 insit,

204 3888 298 3966 Quae
323 3890 430 3952 mutet
453 3889 592 3952 summis
615 3886 735 3968 gaudia
759 3906 861 3968 parra
886 3886 997 3965 malis3

160 3994 262 4059 Cuius
285 3998 362 4059 sunt
388 3994 524 4058 comites
550 3993 650 4058 saties
675 3996 708 4057 et
733 3992 842 4056 taedia
866 4013 1007 4074 semper,

204 4101 357 4164 Dedecus
382 4101 479 4175 uude,
506 4101 599 4165 dolor
622 4099 868 4181 pauperiesque
893 4101 1012 4163 fluunt.

160 4206 252 4270 Haec
275 4205 354 4271 facit
378 4207 524 4282 insanos,
550 4211 708 4283 amentes,
733 4205 928 4284 desidiosos,

92 4315 135 4378 ’20
204 4313 242 4376 ln
266 4314 430 4396 pecudem
454 4315 535 4378 baec
559 4314 727 4378 bominem
752 4312 952 4393 degenerare
978 4310 1062 4375 iacit.
