2632 4718
494 563 710 629 ‚27-

567 793 631 861 XV.

230 953 280 1022 In
302 950 553 1023 simulatores
578 956 619 1022 ot
641 952 966 1023 dissimulatores.

133 1115 210 1182 Non
233 1116 342 1198 probo
366 1134 422 1178 eos
446 1115 607 1195 homines
632 1116 724 1180 aliud
746 1115 804 1198 qui
822 1118 956 1199 pectore
973 1116 1133 1191 clausurn,

179 1241 378 1322 Promptum
402 1239 491 1304 aliud
512 1239 639 1304 blando
663 1258 795 1321 semper
818 1239 853 1303 in
877 1259 934 1303 ore
958 1243 1089 1322 gerunt.

135 1364 243 1430 Mollis
267 1364 422 1428 adulator
445 1363 636 1430 dulcissima
660 1365 761 1428 rerba
784 1364 966 1446 profundit,

70 1491 108 1573 4)
185 1490 253 1554 Sed
277 1489 341 1553 sub
365 1489 473 1570 melle,
498 1489 579 1554 rnihi
603 1491 712 1570 crede,
736 1509 864 1555 venena
888 1491 1002 1554 latent.

562 1757 643 1820 XVI.

354 1915 414 1985 De
438 1915 567 1986 tirone
591 1919 633 1985 et
653 1919 853 1986 veterano.

139 2077 214 2143 Non
237 2078 337 2142 modo
361 2078 418 2159 qui
441 2077 590 2159 praefert
612 2079 688 2157 uro,
712 2078 771 2141 sed
795 2078 852 2160 qui
877 2079 1045 2141 veteranis

70 2206 106 2287 2)
180 2204 225 2267 Se
249 2202 387 2282 confert,
412 2203 523 2280 audet,
547 2222 649 2285 quarn
673 2203 760 2284 sapit
784 2202 839 2266 ille
864 2203 976 2284 rnagis.

555 2471 652 2535 XVII.

449 2629 509 2698 Do
532 2628 755 2698 Fidentino.

138 2792 198 2855 Est
221 2790 420 2856 Fidentinus
444 2791 639 2874 prudentior
663 2791 832 2855 Arcesilan

182 2915 224 2980 Et
248 2915 312 2979 sibi
336 2917 521 2998 Pythagora
546 2916 621 2997 plus
647 2917 725 2980 salis
750 2936 824 2979 esse
847 2918 960 2998 putat:

140 3041 203 3105 Hic
227 3041 337 3105 tenuis
361 3041 469 3104 victus
494 3041 646 3105 docuisse
671 3041 804 3105 silentia
827 3040 980 3124 ser·tu1·,¹)

73 3168 107 3250 t)
186 3167 233 3231 De
257 3167 378 3248 sophia
401 3168 520 3249 potans
545 3168 651 3231 noluit
675 3166 730 3230 ille
756 3167 857 3248 loqui.

139 3291 185 3355 At
208 3290 417 3372 fidentinus
443 3311 519 3355 curn
542 3292 681 3373 grandia
705 3292 825 3372 pocula
849 3292 962 3363 siccat,

184 3415 281 3480 Nunc
306 3417 487 3500 Epicureos
512 3416 803 3497 Democritumque
829 3414 940 3490 refert,

141 3541 238 3605 Nunc
263 3541 303 3605 de
328 3541 521 3606 Nicomachi
547 3544 626 3606 nato
651 3544 816 3624 doctoque
842 3542 981 3605 Platone

70 3672 108 3749 8)
187 3666 353 3731 Iudicium
377 3665 522 3747 praefert
545 3666 672 3749 absque
696 3667 815 3730 rubore
840 3685 948 3746 suurn,

139 3791 276 3856 Scilicet
300 3794 337 3856 ut
360 3791 458 3874 vulgo
482 3791 617 3874 sapiens
642 3793 796 3856 rideatur
820 3795 851 3855 et
876 3811 963 3855 unus

185 3917 348 3981 Credatur
371 3918 495 3982 multos
519 3917 719 4000 explicuisse
745 3918 862 3989 libros:

141 4042 292 4107 Pittacus
301 4040 331 4126 2)
347 4044 382 4105 at
399 4042 544 4108 monuit:
565 4043 797 4122 „Noscendurn
817 4044 960 4123 tempus,
978 4046 1014 4104 ut
1030 4038 1137 4102 omnis

74 4167 131 4253 lt)
186 4167 283 4233 Actio
307 4187 427 4252 resque
452 4187 512 4232 suo
536 4170 695 4250 congruat
716 4171 796 4251 apta
819 4167 920 4232 loc0.“
