2632 4718
495 560 714 631 ‚opu

139 740 244 820 Quam
269 740 380 825 possit
404 741 542 808 summis
565 743 691 808 nitatur
712 743 850 821 viribus,
874 747 913 811 ut
936 765 978 812 ue

183 868 319 933 Imbuat
343 868 504 951 exemplis
528 869 640 934 mollia
663 870 764 936 corda
787 871 893 948 malie,

138 993 179 1059 Et
202 994 313 1059 bonus
337 994 517 1059 admoneat
539 995 681 1060 uirtutes
704 1014 777 1061 esse
801 995 969 1078 magister,

68 1122 107 1203 8)
182 1117 332 1183 Crimina
356 1118 529 1202 discipulis
553 1140 621 1184 non
643 1118 806 1185 imitanda
830 1120 908 1186 suis.

136 1245 263 1310 iiultus
287 1245 318 1309 ei
342 1264 453 1310 sermo
476 1246 521 1311 sit
545 1246 586 1310 de
606 1247 788 1329 probitate,
814 1266 874 1311 nec
898 1264 1047 1330 unquam

180 1371 291 1435 Foeda
314 1370 526 1436 iuventutem
551 1371 678 1436 discere
702 1371 825 1454 scripta
848 1371 952 1451 sinai3

136 1496 474 1578 Amphitryoniadem
498 1496 629 1561 Prodici
640 1497 667 1581 1)
690 1499 857 1580 proponat
880 1499 912 1561 et
937 1499 1060 1561 arctam

69 1624 127 1705 19)
179 1621 333 1687 Iustitiae
357 1621 475 1687 doceat
497 1620 733 1704 difficilemque
757 1622 854 1687 viarn.

551 1924 650 1990 XXII.

267 2083 328 2154 De
351 2082 467 2154 simia
487 2082 695 2154 hominum
716 2082 935 2155 imitatrice.

133 2265 227 2343 Quae
252 2265 380 2330 faciunt
402 2264 565 2340 homines,
590 2264 715 2330 imitari
739 2263 835 2328 simia
858 2264 965 2345 turpis

66 2393 103 2473 t)
179 2390 339 2464 Conatur‚
364 2409 480 2455 verum
504 2389 599 2454 simia
622 2391 722 2455 bruta
746 2393 866 2455 manet.

542 2692 659 2757 XXIII.

210 2868 340 2940 Nemo
363 2887 406 2938 se
429 2868 557 2939 muita
579 2868 766 2939 didicisse
789 2868 986 2959 glorietur,

105 2993 179 3065 sed
202 3012 259 3077 ea,
284 3012 388 3085 quae
412 2993 559 3076 didicit,
582 2994 786 3083 professor
808 2993 1084 3083 unusquisque

309 3118 450 3190 sedulo
473 3119 516 3189 in
537 3119 714 3190 medium
738 3119 887 3190 afferet.

156 3302 196 3366 In
218 3301 353 3384 pascuis
377 3321 456 3367 oves
479 3301 627 3366 nutritae
651 3301 830 3384 pinguibus

156 3425 232 3490 Non
255 3425 439 3509 gloriantur
461 3426 602 3509 vesperi,
627 3445 662 3491 se
685 3426 866 3510 plurimum

155 3549 329 3632 Carpsisse
352 3550 522 3634 graminis
547 3554 582 3615 at
604 3551 674 3615 suis
697 3552 889 3633 pastoribus

62 3677 101 3759 4)
156 3673 268 3741 Lanae
292 3675 419 3741 affatim
442 3675 589 3757 bonique.
613 3676 707 3741 Iactis
731 3681 920 3757 suggerunt.

156 3799 209 3866 Sic
233 3800 421 3866 liberalium
444 3800 613 3885 professor
636 3801 758 3866 artium

154 3927 198 3992 Se
221 3927 366 4009 piurima
390 3926 545 3992 didicisse
569 3947 611 3990 ne
635 3927 817 4005 iactaverit,

155 4052 223 4117 Sed
246 4051 411 4135 quidquid
435 4056 495 4131 est,
519 4054 609 4136 quod
633 4051 759 4130 didicit,
784 4053 819 4116 in
836 4051 981 4116 medium
1000 4051 1125 4130 afferat,

62 4180 100 4265 8)
155 4177 252 4242 Modo
275 4176 457 4261 discipulus
480 4177 559 4241 irinc
583 4177 710 4242 doctior
733 4175 804 4241 fieri
830 4179 932 4259 queat
