2632 4718
496 649 717 722 ..79-

182 830 366 911 Anxietas3
390 831 525 915 culpam
548 831 690 897 maxima
712 852 820 916 poena
843 837 964 900 manet.

137 938 283 1004 Conscia
307 958 402 1004 mens
424 938 558 1004 miseris
582 959 617 1004 se
641 939 808 1005 morsibus
830 939 904 1022 ipsa
927 942 1092 1006 remordet

67 1048 112 1111 20
184 1046 372 1129 Sanariqne
396 1048 524 1130 nequit,
549 1047 583 1110 ni
607 1047 691 1112 ierat
714 1051 831 1112 auctor
854 1068 963 1131 opem.

139 1154 326 1235 Postquam
349 1153 487 1219 Daridis
511 1153 692 1237 suboles‚¹)
715 1154 880 1235 sapientia
903 1154 1007 1233 euius,

184 1260 289 1324 Cuius
312 1279 393 1343 opes
417 1260 590 1325 hominum
613 1263 749 1345 pectora
773 1262 865 1325 nulla
889 1262 1001 1335 latent,

138 1367 249 1431 Omne
272 1366 452 1450 voluptatis
475 1386 581 1450 genus
605 1366 800 1434 indulsisset
823 1368 956 1433 abunde

184 1472 348 1538 Sensibus
371 1477 405 1538 et
429 1472 593 1556 quidquid
617 1474 718 1538 corda
741 1473 855 1539 iuvare
880 1478 1000 1556 potest,

72 1584 115 1644 25
146 1578 339 1655 „Sincerum
363 1579 448 1645 nihil
471 1582 554 1657 est“‚
579 1580 741 1651 clamavit,
768 1584 821 1659 „at
845 1581 956 1645 omnia
979 1601 1073 1659 vana,

187 1686 363 1752 Laetitiam
388 1688 495 1770 carpit
520 1686 709 1753 sollicitudo
733 1693 873 1751 comes.“

138 1792 304 1871 Quocirca
327 1793 429 1877 fugiat
451 1795 612 1877 propulsa
636 1794 749 1859 labore
774 1795 938 1876 voluptas,

184 1900 300 1964 Ardua
322 1900 455 1965 virtutis
478 1900 627 1984 praemla
650 1901 792 1983 quisque
815 1904 920 1982 petat.

138 2006 199 2069 Est
222 2007 327 2071 multo
351 2006 465 2083 satine,
490 2007 650 2090 fugientia
674 2027 833 2090 spernere
859 2008 955 2084 dona,

70 2115 116 2177 30
186 2113 332 2177 Perdere
357 2133 458 2196 quam
482 2113 579 2196 longa
603 2133 670 2179 non
693 2112 844 2194 peritura
867 2115 931 2178 die.

139 2219 216 2283 Non
240 2223 377 2284 aeterna
400 2219 495 2297 feres,
519 2221 608 2285 bona
630 2218 659 2283 si
683 2219 835 2284 mortalia
858 2219 1001 2301 quaeris,

185 2325 319 2390 Gaudia
338 2345 404 2389 non
429 2327 489 2391 ulli
512 2326 634 2391 dantur
658 2327 802 2408 utroque
827 2326 908 2391 loeo.

138 2431 174 2496 Si
200 2431 281 2497 libet
304 2433 358 2497 lric
382 2433 492 2498 lautae
516 2433 638 2497 sectari
661 2433 803 2513 prandia
828 2453 972 2507 mensae,

184 2537 232 2601 Te
255 2537 329 2602 sitis
352 2542 527 2603 aeternum
551 2537 668 2621 puniet
692 2541 793 2621 atque
817 2537 930 2602 sames,

68 2650 111 2709 :lr'r
138 2645 303 2709 Ridemus
326 2665 478 2728 puerum,
502 2664 638 2727 pomum
663 2643 691 2708 si
716 2645 874 2727 praetulit
897 2665 989 2719 auro,

185 2751 261 2815 Non
285 2751 381 2816 aliter
404 2751 502 2834 genio
526 2750 650 2833 desipis
674 2750 748 2833 ipse
772 2770 905 2815 vacans,

139 2860 246 2924 Parva
269 2858 427 2941 relinque,
453 2878 579 2941 precor,
593 2879 661 2942 quo
677 2859 820 2922 maxima
836 2878 998 2940 quaerere
1017 2859 1139 2939 possis,

184 2966 254 3029 Nec
279 2964 407 3029 levibus
431 2965 521 3029 curis
545 2965 656 3030 omnia
679 2965 785 3046 perde
810 2965 880 3028 tua!

357 3297 420 3367 Ad
443 3297 616 3368 amicum
639 3297 851 3386 quendam.

241 3423 361 3517 Quod
383 3422 465 3492 vita
488 3422 540 3492 sit
562 3440 728 3492 somnus
753 3427 793 3491 et
816 3421 968 3492 umbra.

97 3590 110 3652 l
141 3587 196 3651 Sic
220 3585 322 3658 rivas
345 3588 515 3666 tamquam
539 3584 584 3647 sis
608 3604 681 3648 cras
707 3584 894 3659 moriturae,
919 3583 1033 3658 amice,

184 3692 226 3756 Et
249 3691 339 3774 vigili
362 3710 521 3774 properes
546 3690 656 3753 rirere
681 3693 792 3754 monio
817 3690 897 3754 deo!

141 3797 273 3880 Desipis
296 3797 330 3861 in
354 3818 461 3861 seram
486 3799 638 3861 statuens
663 3796 797 3860 differre
822 3797 989 3860 senectam

184 3905 324 3969 Virtutis
348 3904 508 3968 studium:
533 3904 606 3968 Vita
629 3906 753 3969 caduca
776 3903 869 3985 fugit.

97 4017 115 4077 5
142 4013 288 4076 Stultum
313 4015 372 4084 est,
397 4010 607 4075 Chalcidicae
631 4011 760 4074 senium
786 4029 922 4091 sperare
947 4005 1137 4088 Sibyllae¹);

185 4117 267 4196 Quis
292 4116 436 4199 Pyli0s2>
460 4137 566 4181 annos
590 4117 808 4200 aequiparare
832 4114 965 4198 potest?

142 4223 244 4288 lieete
269 4225 437 4289 hominem
462 4223 587 4287 bullam
612 4223 694 4287 dixit
718 4221 931 4285 doctissimus
954 4219 1032 4282 olirn

1177 4336 1244 4488 Ι
