<?xml version="1.0" encoding="UTF-8"?>
<!DOCTYPE html PUBLIC "-//W3C//DTD XHTML 1.0 Transitional//EN"
    "http://www.w3.org/TR/xhtml1/DTD/xhtml1-transitional.dtd">
<html xmlns="http://www.w3.org/1999/xhtml" xml:lang="en" lang="en">
 <head>
  <title>
</title>
<meta http-equiv="Content-Type" content="text/html;charset=utf-8" />
  <meta name='ocr-system' content='tesseract 3.04.00' />
  <meta name='ocr-capabilities' content='ocr_page ocr_carea ocr_par ocr_line ocrx_word'/>
</head>
<body>
  <div class='ocr_page' id='page_1' title='image "./ausgewhltewerke00bmgoog_0154.png"; bbox 0 0 2632 4718; ppageno 0'>
   <div class='ocr_carea' id='block_1_1' title="bbox 541 682 735 744">
    <p class='ocr_par' dir='ltr' id='par_1_1' title="bbox 541 682 735 744">
     <span class='ocr_line' id='line_1_1' title="bbox 541 682 735 744; baseline -0.005 -18"><span class='ocrx_word' id='word_1_1' title='bbox 541 682 735 744; x_wconf 67' lang='lat'>„9-</span> 
     </span>
    </p>
   </div>
   <div class='ocr_carea' id='block_1_2' title="bbox 115 854 1104 2325">
    <p class='ocr_par' dir='ltr' id='par_1_2' title="bbox 115 854 1104 2325">
     <span class='ocr_line' id='line_1_2' title="bbox 181 854 997 939; baseline 0 -20"><span class='ocrx_word' id='word_1_2' title='bbox 181 855 312 920; x_wconf 83' lang='lat' dir='ltr'>Nobilis</span> <span class='ocrx_word' id='word_1_3' title='bbox 336 857 493 920; x_wconf 81' lang='lat' dir='ltr'>aeilrereo</span> <span class='ocrx_word' id='word_1_4' title='bbox 516 856 637 938; x_wconf 84' lang='lat' dir='ltr'>plenus</span> <span class='ocrx_word' id='word_1_5' title='bbox 660 854 811 939; x_wconf 87' lang='lat' dir='ltr'>Baptista</span> <span class='ocrx_word' id='word_1_6' title='bbox 824 855 861 931; x_wconf 77' lang='lat'>¹⁰)</span> <span class='ocrx_word' id='word_1_7' title='bbox 887 856 997 920; x_wconf 84' lang='lat' dir='ltr'>surore</span> 
     </span>
     <span class='ocr_line' id='line_1_3' title="bbox 234 961 1014 1042; baseline 0 -16"><span class='ocrx_word' id='word_1_8' title='bbox 234 962 411 1028; x_wconf 81' lang='lat' dir='ltr'>Heroioam</span> <span class='ocrx_word' id='word_1_9' title='bbox 437 961 566 1027; x_wconf 84' lang='lat' dir='ltr'>intiarit</span> <span class='ocrx_word' id='word_1_10' title='bbox 591 983 643 1026; x_wconf 88' lang='lat' dir='ltr'>me</span> <span class='ocrx_word' id='word_1_11' title='bbox 669 963 859 1026; x_wconf 73' lang='lat' dir='ltr'>moderante</span> <span class='ocrx_word' id='word_1_12' title='bbox 883 963 1014 1042; x_wconf 84' lang='lat' dir='ltr'>tubam3</span> 
     </span>
     <span class='ocr_line' id='line_1_4' title="bbox 115 1068 951 1149; baseline 0 -17"><span class='ocrx_word' id='word_1_13' title='bbox 115 1072 158 1132; x_wconf 78' lang='lat'>55</span> <span class='ocrx_word' id='word_1_14' title='bbox 185 1068 349 1149; x_wconf 75' lang='lat' dir='ltr'>virgineis</span> <span class='ocrx_word' id='word_1_15' title='bbox 373 1069 476 1135; x_wconf 86' lang='lat' dir='ltr'>libros</span> <span class='ocrx_word' id='word_1_16' title='bbox 500 1068 631 1133; x_wconf 86' lang='lat' dir='ltr'>infersit</span> <span class='ocrx_word' id='word_1_17' title='bbox 656 1068 811 1133; x_wconf 83' lang='lat' dir='ltr'>laudibus</span> <span class='ocrx_word' id='word_1_18' title='bbox 834 1069 951 1142; x_wconf 85' lang='lat' dir='ltr'>almos,</span> 
     </span>
     <span class='ocr_line' id='line_1_5' title="bbox 235 1173 983 1258; baseline -0.003 -19"><span class='ocrx_word' id='word_1_19' title='bbox 235 1175 361 1240; x_wconf 81' lang='lat' dir='ltr'>Lucida</span> <span class='ocrx_word' id='word_1_20' title='bbox 384 1175 560 1258; x_wconf 72' lang='lat' dir='ltr'>belligeros</span> <span class='ocrx_word' id='word_1_21' title='bbox 585 1173 674 1240; x_wconf 82' lang='lat' dir='ltr'>vexit</span> <span class='ocrx_word' id='word_1_22' title='bbox 697 1176 733 1239; x_wconf 93' lang='lat' dir='ltr'>in</span> <span class='ocrx_word' id='word_1_23' title='bbox 757 1179 848 1239; x_wconf 85' lang='lat' dir='ltr'>astra</span> <span class='ocrx_word' id='word_1_24' title='bbox 872 1177 983 1239; x_wconf 75' lang='lat' dir='ltr'>duero.</span> 
     </span>
     <span class='ocr_line' id='line_1_6' title="bbox 183 1280 994 1362; baseline -0.001 -17"><span class='ocrx_word' id='word_1_25' title='bbox 183 1281 241 1346; x_wconf 87' lang='lat' dir='ltr'>lite</span> <span class='ocrx_word' id='word_1_26' title='bbox 265 1302 381 1362; x_wconf 80' lang='lat' dir='ltr'>graves</span> <span class='ocrx_word' id='word_1_27' title='bbox 405 1281 504 1347; x_wconf 84' lang='lat' dir='ltr'>huius</span> <span class='ocrx_word' id='word_1_28' title='bbox 529 1280 663 1346; x_wconf 81' lang='lat' dir='ltr'>deflevit</span> <span class='ocrx_word' id='word_1_29' title='bbox 688 1281 848 1362; x_wconf 81' lang='lat' dir='ltr'>temporis</span> <span class='ocrx_word' id='word_1_30' title='bbox 871 1285 994 1353; x_wconf 75' lang='lat' dir='ltr'>aestus,</span> 
     </span>
     <span class='ocr_line' id='line_1_7' title="bbox 234 1387 891 1471; baseline -0.006 -19"><span class='ocrx_word' id='word_1_31' title='bbox 234 1389 293 1453; x_wconf 78' lang='lat' dir='ltr'>rue</span> <span class='ocrx_word' id='word_1_32' title='bbox 317 1389 511 1471; x_wconf 87' lang='lat' dir='ltr'>cupidineos</span> <span class='ocrx_word' id='word_1_33' title='bbox 536 1387 616 1453; x_wconf 87' lang='lat' dir='ltr'>vitat</span> <span class='ocrx_word' id='word_1_34' title='bbox 641 1387 766 1471; x_wconf 87' lang='lat' dir='ltr'>ubique</span> <span class='ocrx_word' id='word_1_35' title='bbox 790 1387 891 1451; x_wconf 82' lang='lat' dir='ltr'>iocos.</span> 
     </span>
     <span class='ocr_line' id='line_1_8' title="bbox 183 1477 946 1577; baseline 0.001 -19"><span class='ocrx_word' id='word_1_36' title='bbox 183 1496 270 1577; x_wconf 79' lang='lat' dir='ltr'>Ergo</span> <span class='ocrx_word' id='word_1_37' title='bbox 296 1495 519 1577; x_wconf 82' lang='lat' dir='ltr'>frequentatis</span> <span class='ocrx_word' id='word_1_38' title='bbox 544 1477 656 1560; x_wconf 83' lang='lat' dir='ltr'>divina</span> <span class='ocrx_word' id='word_1_39' title='bbox 680 1496 834 1576; x_wconf 72' lang='lat' dir='ltr'>potmuta</span> <span class='ocrx_word' id='word_1_40' title='bbox 858 1495 946 1559; x_wconf 82' lang='lat' dir='ltr'>ludis</span> 
     </span>
     <span class='ocr_line' id='line_1_9' title="bbox 117 1601 956 1668; baseline -0.002 -3"><span class='ocrx_word' id='word_1_41' title='bbox 117 1605 164 1666; x_wconf 82' lang='lat'>60</span> <span class='ocrx_word' id='word_1_42' title='bbox 232 1603 407 1668; x_wconf 86' lang='lat' dir='ltr'>Dictantur</span> <span class='ocrx_word' id='word_1_43' title='bbox 431 1601 551 1667; x_wconf 88' lang='lat' dir='ltr'>summi</span> <span class='ocrx_word' id='word_1_44' title='bbox 574 1621 642 1665; x_wconf 90' lang='lat' dir='ltr'>non</span> <span class='ocrx_word' id='word_1_45' title='bbox 666 1601 738 1664; x_wconf 87' lang='lat' dir='ltr'>sine</span> <span class='ocrx_word' id='word_1_46' title='bbox 761 1601 859 1666; x_wconf 87' lang='lat' dir='ltr'>laude</span> <span class='ocrx_word' id='word_1_47' title='bbox 885 1602 956 1664; x_wconf 84' lang='lat' dir='ltr'>riri.</span> 
     </span>
     <span class='ocr_line' id='line_1_10' title="bbox 182 1706 1104 1791; baseline -0.001 -19"><span class='ocrx_word' id='word_1_48' title='bbox 182 1709 234 1772; x_wconf 89' lang='lat' dir='ltr'>Tu</span> <span class='ocrx_word' id='word_1_49' title='bbox 259 1727 394 1791; x_wconf 88' lang='lat' dir='ltr'>quoque</span> <span class='ocrx_word' id='word_1_50' title='bbox 419 1709 588 1774; x_wconf 84' lang='lat' dir='ltr'>doctrinae</span> <span class='ocrx_word' id='word_1_51' title='bbox 613 1708 682 1772; x_wconf 84' lang='lat' dir='ltr'>saie</span> <span class='ocrx_word' id='word_1_52' title='bbox 706 1706 734 1771; x_wconf 90' lang='lat' dir='ltr'>si</span> <span class='ocrx_word' id='word_1_53' title='bbox 759 1707 986 1790; x_wconf 81' lang='lat' dir='ltr'>consperseris</span> <span class='ocrx_word' id='word_1_54' title='bbox 1011 1708 1104 1786; x_wconf 76' lang='lat' dir='ltr'>istoS,</span> 
     </span>
     <span class='ocr_line' id='line_1_11' title="bbox 233 1814 986 1903; baseline 0 -27"><span class='ocrx_word' id='word_1_55' title='bbox 233 1815 295 1893; x_wconf 84' lang='lat' dir='ltr'>Qui</span> <span class='ocrx_word' id='word_1_56' title='bbox 322 1817 446 1898; x_wconf 81' lang='lat' dir='ltr'>relegat</span> <span class='ocrx_word' id='word_1_57' title='bbox 467 1835 595 1903; x_wconf 72' lang='lat' dir='ltr'>nerano,</span> <span class='ocrx_word' id='word_1_58' title='bbox 620 1834 708 1879; x_wconf 91' lang='lat' dir='ltr'>unus</span> <span class='ocrx_word' id='word_1_59' title='bbox 732 1817 765 1879; x_wconf 86' lang='lat' dir='ltr'>et</span> <span class='ocrx_word' id='word_1_60' title='bbox 789 1815 873 1878; x_wconf 83' lang='lat' dir='ltr'>alter</span> <span class='ocrx_word' id='word_1_61' title='bbox 897 1814 986 1877; x_wconf 81' lang='lat' dir='ltr'>orit.“</span> 
     </span>
     <span class='ocr_line' id='line_1_12' title="bbox 184 1921 1058 1999; baseline 0 -15"><span class='ocrx_word' id='word_1_62' title='bbox 184 1921 247 1985; x_wconf 87' lang='lat' dir='ltr'>His</span> <span class='ocrx_word' id='word_1_63' title='bbox 271 1923 354 1985; x_wconf 81' lang='lat' dir='ltr'>dous</span> <span class='ocrx_word' id='word_1_64' title='bbox 379 1922 557 1987; x_wconf 89' lang='lat' dir='ltr'>admonitis</span> <span class='ocrx_word' id='word_1_65' title='bbox 583 1922 753 1987; x_wconf 74' lang='lat' dir='ltr'>discedere</span> <span class='ocrx_word' id='word_1_66' title='bbox 778 1922 867 1986; x_wconf 87' lang='lat' dir='ltr'>risus</span> <span class='ocrx_word' id='word_1_67' title='bbox 890 1921 923 1985; x_wconf 93' lang='lat' dir='ltr'>in</span> <span class='ocrx_word' id='word_1_68' title='bbox 949 1939 1058 1999; x_wconf 65' lang='lat' dir='ltr'>auran,</span> 
     </span>
     <span class='ocr_line' id='line_1_13' title="bbox 235 2028 975 2112; baseline -0.003 -19"><span class='ocrx_word' id='word_1_69' title='bbox 235 2029 310 2093; x_wconf 87' lang='lat' dir='ltr'>Mox</span> <span class='ocrx_word' id='word_1_70' title='bbox 333 2029 432 2093; x_wconf 79' lang='lat' dir='ltr'>etiam</span> <span class='ocrx_word' id='word_1_71' title='bbox 456 2029 539 2112; x_wconf 80' lang='lat' dir='ltr'>fugit</span> <span class='ocrx_word' id='word_1_72' title='bbox 562 2029 712 2092; x_wconf 86' lang='lat' dir='ltr'>membra</span> <span class='ocrx_word' id='word_1_73' title='bbox 735 2028 843 2093; x_wconf 87' lang='lat' dir='ltr'>soluta</span> <span class='ocrx_word' id='word_1_74' title='bbox 866 2047 975 2110; x_wconf 89' lang='lat' dir='ltr'>sopor.</span> 
     </span>
     <span class='ocr_line' id='line_1_14' title="bbox 118 2133 985 2218; baseline -0.001 -19"><span class='ocrx_word' id='word_1_75' title='bbox 118 2137 162 2199; x_wconf 82' lang='lat'>65</span> <span class='ocrx_word' id='word_1_76' title='bbox 189 2134 357 2218; x_wconf 82' lang='lat' dir='ltr'>Evigilans</span> <span class='ocrx_word' id='word_1_77' title='bbox 380 2134 495 2200; x_wconf 87' lang='lat' dir='ltr'>nitidis</span> <span class='ocrx_word' id='word_1_78' title='bbox 519 2135 673 2200; x_wconf 83' lang='lat' dir='ltr'>mandavi</span> <span class='ocrx_word' id='word_1_79' title='bbox 698 2135 827 2199; x_wconf 85' lang='lat' dir='ltr'>somnia</span> <span class='ocrx_word' id='word_1_80' title='bbox 852 2133 985 2208; x_wconf 73' lang='lat' dir='ltr'>chartiS,</span> 
     </span>
     <span class='ocr_line' id='line_1_15' title="bbox 236 2235 1041 2325; baseline -0.002 -18"><span class='ocrx_word' id='word_1_81' title='bbox 236 2243 355 2325; x_wconf 88' lang='lat' dir='ltr'>Meque</span> <span class='ocrx_word' id='word_1_82' title='bbox 379 2235 494 2306; x_wconf 87' lang='lat' dir='ltr'>iuvant</span> <span class='ocrx_word' id='word_1_83' title='bbox 518 2242 613 2324; x_wconf 79' lang='lat' dir='ltr'>elegi,</span> <span class='ocrx_word' id='word_1_84' title='bbox 638 2262 706 2307; x_wconf 92' lang='lat' dir='ltr'>non</span> <span class='ocrx_word' id='word_1_85' title='bbox 730 2242 895 2306; x_wconf 83' lang='lat' dir='ltr'>scelerosa</span> <span class='ocrx_word' id='word_1_86' title='bbox 921 2243 1041 2306; x_wconf 78' lang='lat' dir='ltr'>VonuS.</span> 
     </span>
    </p>
   </div>
   <div class='ocr_carea' id='block_1_3' title="bbox 152 2582 1113 2805">
    <p class='ocr_par' dir='ltr' id='par_1_3' title="bbox 152 2582 1113 2805">
     <span class='ocr_line' id='line_1_16' title="bbox 621 2582 662 2644; baseline -0.024 0"><span class='ocrx_word' id='word_1_87' title='bbox 621 2582 662 2644; x_wconf 91' lang='grc' dir='ltr'>ΙΙ.</span> 
     </span>
     <span class='ocr_line' id='line_1_17' title="bbox 152 2719 1113 2805; baseline 0.002 -17"><span class='ocrx_word' id='word_1_88' title='bbox 152 2721 201 2788; x_wconf 93' lang='lat' dir='ltr'>In</span> <span class='ocrx_word' id='word_1_89' title='bbox 224 2719 402 2791; x_wconf 81' lang='lat' dir='ltr'>Gaurum</span> <span class='ocrx_word' id='word_1_90' title='bbox 413 2725 449 2805; x_wconf 79' lang='lat'>¹).</span> <span class='ocrx_word' id='word_1_91' title='bbox 495 2721 556 2790; x_wconf 83' lang='lat' dir='ltr'>De</span> <span class='ocrx_word' id='word_1_92' title='bbox 579 2720 794 2790; x_wconf 83' lang='lat' dir='ltr'>miserabili</span> <span class='ocrx_word' id='word_1_93' title='bbox 817 2720 989 2790; x_wconf 89' lang='lat' dir='ltr'>hominis</span> <span class='ocrx_word' id='word_1_94' title='bbox 1013 2725 1113 2790; x_wconf 82' lang='lat' dir='ltr'>ortu.</span> 
     </span>
    </p>
   </div>
   <div class='ocr_carea' id='block_1_4' title="bbox 128 2883 1170 4350">
    <p class='ocr_par' dir='ltr' id='par_1_4' title="bbox 128 2883 1170 4350">
     <span class='ocr_line' id='line_1_18' title="bbox 150 2883 1125 2961; baseline 0.001 -15"><span class='ocrx_word' id='word_1_95' title='bbox 150 2884 162 2946; x_wconf 88' lang='lat'>1</span> <span class='ocrx_word' id='word_1_96' title='bbox 192 2883 348 2961; x_wconf 81' lang='lat' dir='ltr'>Ouidio,</span> <span class='ocrx_word' id='word_1_97' title='bbox 373 2884 493 2961; x_wconf 80' lang='lat' dir='ltr'>Gauro,</span> <span class='ocrx_word' id='word_1_98' title='bbox 518 2884 620 2955; x_wconf 76' lang='lat' dir='ltr'>iurat,</span> <span class='ocrx_word' id='word_1_99' title='bbox 646 2883 791 2946; x_wconf 81' lang='lat' dir='ltr'>tumidos</span> <span class='ocrx_word' id='word_1_100' title='bbox 815 2884 967 2946; x_wconf 76' lang='lat' dir='ltr'>attollere</span> <span class='ocrx_word' id='word_1_101' title='bbox 992 2884 1125 2947; x_wconf 82' lang='lat' dir='ltr'>ruttusi’</span> 
     </span>
     <span class='ocr_line' id='line_1_19' title="bbox 235 2989 1048 3072; baseline 0 -20"><span class='ocrx_word' id='word_1_102' title='bbox 235 2989 383 3055; x_wconf 83' lang='lat' dir='ltr'>Fustosis</span> <span class='ocrx_word' id='word_1_103' title='bbox 407 2989 562 3072; x_wconf 82' lang='lat' dir='ltr'>gradibus</span> <span class='ocrx_word' id='word_1_104' title='bbox 585 3009 644 3053; x_wconf 90' lang='lat' dir='ltr'>our</span> <span class='ocrx_word' id='word_1_105' title='bbox 668 2989 739 3068; x_wconf 90' lang='lat' dir='ltr'>tibi,</span> <span class='ocrx_word' id='word_1_106' title='bbox 765 2991 884 3069; x_wconf 72' lang='lat' dir='ltr'>Gauro,</span> <span class='ocrx_word' id='word_1_107' title='bbox 909 2991 1048 3072; x_wconf 74' lang='lat' dir='ltr'>placas?</span> 
     </span>
     <span class='ocr_line' id='line_1_20' title="bbox 186 3095 1121 3178; baseline 0 -19"><span class='ocrx_word' id='word_1_108' title='bbox 186 3097 222 3159; x_wconf 93' lang='lat' dir='ltr'>In</span> <span class='ocrx_word' id='word_1_109' title='bbox 248 3097 393 3160; x_wconf 86' lang='lat' dir='ltr'>mentem</span> <span class='ocrx_word' id='word_1_110' title='bbox 420 3115 538 3160; x_wconf 78' lang='lat' dir='ltr'>revoca</span> <span class='ocrx_word' id='word_1_111' title='bbox 561 3096 707 3177; x_wconf 82' lang='lat' dir='ltr'>genium,</span> <span class='ocrx_word' id='word_1_112' title='bbox 733 3095 958 3174; x_wconf 66' lang='lat' dir='ltr'>reminiscere,</span> <span class='ocrx_word' id='word_1_113' title='bbox 983 3097 1040 3178; x_wconf 90' lang='lat' dir='ltr'>qui</span> <span class='ocrx_word' id='word_1_114' title='bbox 1065 3097 1121 3171; x_wconf 73' lang='lat' dir='ltr'>sia,</span> 
     </span>
     <span class='ocr_line' id='line_1_21' title="bbox 238 3202 958 3283; baseline 0 -17"><span class='ocrx_word' id='word_1_115' title='bbox 238 3202 381 3267; x_wconf 81' lang='lat' dir='ltr'>Maxima</span> <span class='ocrx_word' id='word_1_116' title='bbox 404 3203 437 3266; x_wconf 87' lang='lat' dir='ltr'>te</span> <span class='ocrx_word' id='word_1_117' title='bbox 461 3203 595 3283; x_wconf 85' lang='lat' dir='ltr'>capiant</span> <span class='ocrx_word' id='word_1_118' title='bbox 620 3202 739 3275; x_wconf 78' lang='lat' dir='ltr'>taedia</span> <span class='ocrx_word' id='word_1_119' title='bbox 765 3204 874 3280; x_wconf 74' lang='lat' dir='ltr'>ordo,</span> <span class='ocrx_word' id='word_1_120' title='bbox 899 3203 958 3266; x_wconf 90' lang='lat' dir='ltr'>tui.</span> 
     </span>
     <span class='ocr_line' id='line_1_22' title="bbox 143 3309 1121 3391; baseline 0.005 -22"><span class='ocrx_word' id='word_1_121' title='bbox 143 3311 162 3369; x_wconf 82' lang='lat'>5</span> <span class='ocrx_word' id='word_1_122' title='bbox 188 3310 307 3387; x_wconf 72' lang='lat' dir='ltr'>Gaura,</span> <span class='ocrx_word' id='word_1_123' title='bbox 331 3327 539 3390; x_wconf 78' lang='lat' dir='ltr'>supervacuo</span> <span class='ocrx_word' id='word_1_124' title='bbox 563 3329 678 3372; x_wconf 79' lang='lat' dir='ltr'>surnus</span> <span class='ocrx_word' id='word_1_125' title='bbox 702 3329 818 3373; x_wconf 76' lang='lat' dir='ltr'>omnus</span> <span class='ocrx_word' id='word_1_126' title='bbox 843 3309 1003 3391; x_wconf 79' lang='lat' dir='ltr'>sanguino</span> <span class='ocrx_word' id='word_1_127' title='bbox 1028 3312 1121 3387; x_wconf 79' lang='lat' dir='ltr'>oreti,</span> 
     </span>
     <span class='ocr_line' id='line_1_23' title="bbox 234 3415 809 3496; baseline -0.002 -17"><span class='ocrx_word' id='word_1_128' title='bbox 234 3415 391 3480; x_wconf 86' lang='lat' dir='ltr'>Maternis</span> <span class='ocrx_word' id='word_1_129' title='bbox 418 3433 509 3496; x_wconf 81' lang='lat' dir='ltr'>reges</span> <span class='ocrx_word' id='word_1_130' title='bbox 534 3415 693 3479; x_wconf 79' lang='lat' dir='ltr'>delituere</span> <span class='ocrx_word' id='word_1_131' title='bbox 719 3417 809 3478; x_wconf 75' lang='lat' dir='ltr'>locis.</span> 
     </span>
     <span class='ocr_line' id='line_1_24' title="bbox 183 3520 968 3605; baseline 0.001 -20"><span class='ocrx_word' id='word_1_132' title='bbox 183 3520 315 3587; x_wconf 78' lang='lat' dir='ltr'>iiistioiii</span> <span class='ocrx_word' id='word_1_133' title='bbox 340 3525 438 3605; x_wconf 89' lang='lat' dir='ltr'>partu</span> <span class='ocrx_word' id='word_1_134' title='bbox 463 3542 524 3584; x_wconf 91' lang='lat' dir='ltr'>nos</span> <span class='ocrx_word' id='word_1_135' title='bbox 549 3524 585 3586; x_wconf 90' lang='lat' dir='ltr'>ut</span> <span class='ocrx_word' id='word_1_136' title='bbox 609 3523 665 3603; x_wconf 85' lang='lat' dir='ltr'>pia</span> <span class='ocrx_word' id='word_1_137' title='bbox 689 3543 769 3586; x_wconf 87' lang='lat' dir='ltr'>oura</span> <span class='ocrx_word' id='word_1_138' title='bbox 793 3527 968 3605; x_wconf 82' lang='lat' dir='ltr'>parentum</span> 
     </span>
     <span class='ocr_line' id='line_1_25' title="bbox 233 3628 934 3711; baseline 0 -20"><span class='ocrx_word' id='word_1_139' title='bbox 233 3629 346 3693; x_wconf 87' lang='lat' dir='ltr'>Edidit</span> <span class='ocrx_word' id='word_1_140' title='bbox 369 3629 404 3693; x_wconf 90' lang='lat' dir='ltr'>in</span> <span class='ocrx_word' id='word_1_141' title='bbox 429 3629 535 3693; x_wconf 86' lang='lat' dir='ltr'>iucem</span> <span class='ocrx_word' id='word_1_142' title='bbox 561 3628 782 3711; x_wconf 69' lang='lat' dir='ltr'>deposuitque</span> <span class='ocrx_word' id='word_1_143' title='bbox 807 3649 934 3711; x_wconf 70' lang='lat' dir='ltr'>guarna,</span> 
     </span>
     <span class='ocr_line' id='line_1_26' title="bbox 182 3735 1009 3819; baseline 0.001 -21"><span class='ocrx_word' id='word_1_144' title='bbox 182 3735 395 3819; x_wconf 83' lang='lat' dir='ltr'>Complernus</span> <span class='ocrx_word' id='word_1_145' title='bbox 420 3735 551 3800; x_wconf 83' lang='lat' dir='ltr'>miseris</span> <span class='ocrx_word' id='word_1_146' title='bbox 575 3736 685 3799; x_wconf 85' lang='lat' dir='ltr'>subito</span> <span class='ocrx_word' id='word_1_147' title='bbox 710 3736 874 3817; x_wconf 75' lang='lat' dir='ltr'>uagitibus</span> <span class='ocrx_word' id='word_1_148' title='bbox 898 3755 1009 3810; x_wconf 65' lang='lat' dir='ltr'>auraa</span> 
     </span>
     <span class='ocr_line' id='line_1_27' title="bbox 128 3840 1038 3926; baseline 0.004 -24"><span class='ocrx_word' id='word_1_149' title='bbox 128 3843 167 3903; x_wconf 92' lang='grc'>10</span> <span class='ocrx_word' id='word_1_150' title='bbox 234 3840 395 3923; x_wconf 80' lang='lat' dir='ltr'>Auspicia</span> <span class='ocrx_word' id='word_1_151' title='bbox 418 3845 449 3905; x_wconf 80' lang='lat' dir='ltr'>ot</span> <span class='ocrx_word' id='word_1_152' title='bbox 474 3842 563 3906; x_wconf 76' lang='lat' dir='ltr'>ritae</span> <span class='ocrx_word' id='word_1_153' title='bbox 588 3847 665 3907; x_wconf 87' lang='lat' dir='ltr'>sunt</span> <span class='ocrx_word' id='word_1_154' title='bbox 691 3843 784 3907; x_wconf 92' lang='lat' dir='ltr'>dolor</span> <span class='ocrx_word' id='word_1_155' title='bbox 808 3846 909 3926; x_wconf 80' lang='lat' dir='ltr'>atqua</span> <span class='ocrx_word' id='word_1_156' title='bbox 935 3844 1038 3908; x_wconf 91' lang='lat' dir='ltr'>labor.</span> 
     </span>
     <span class='ocr_line' id='line_1_28' title="bbox 184 3947 1170 4032; baseline 0.002 -22"><span class='ocrx_word' id='word_1_157' title='bbox 184 3947 258 4011; x_wconf 92' lang='lat' dir='ltr'>Non</span> <span class='ocrx_word' id='word_1_158' title='bbox 276 3968 372 4012; x_wconf 77' lang='lat' dir='ltr'>serus</span> <span class='ocrx_word' id='word_1_159' title='bbox 386 3967 423 4012; x_wconf 86' lang='lat' dir='ltr'>ao</span> <span class='ocrx_word' id='word_1_160' title='bbox 439 3953 557 4013; x_wconf 82' lang='lat' dir='ltr'>nautas</span> <span class='ocrx_word' id='word_1_161' title='bbox 570 3950 697 4013; x_wconf 84' lang='lat' dir='ltr'>tumida</span> <span class='ocrx_word' id='word_1_162' title='bbox 711 3949 865 4031; x_wconf 76' lang='lat' dir='ltr'>aequoris</span> <span class='ocrx_word' id='word_1_163' title='bbox 883 3951 972 4013; x_wconf 87' lang='lat' dir='ltr'>unda</span> <span class='ocrx_word' id='word_1_164' title='bbox 988 3949 1170 4032; x_wconf 76' lang='lat' dir='ltr'>profundit,</span> 
     </span>
     <span class='ocr_line' id='line_1_29' title="bbox 232 4054 895 4137; baseline 0.002 -20"><span class='ocrx_word' id='word_1_165' title='bbox 232 4054 412 4135; x_wconf 78' lang='lat' dir='ltr'>Naufragio</span> <span class='ocrx_word' id='word_1_166' title='bbox 438 4054 523 4119; x_wconf 86' lang='lat' dir='ltr'>iacto</span> <span class='ocrx_word' id='word_1_167' title='bbox 548 4055 576 4117; x_wconf 87' lang='lat' dir='ltr'>si</span> <span class='ocrx_word' id='word_1_168' title='bbox 601 4076 761 4137; x_wconf 78' lang='lat' dir='ltr'>suparare</span> <span class='ocrx_word' id='word_1_169' title='bbox 786 4057 895 4132; x_wconf 81' lang='lat' dir='ltr'>datur,</span> 
     </span>
     <span class='ocr_line' id='line_1_30' title="bbox 181 4161 1095 4244; baseline 0.001 -21"><span class='ocrx_word' id='word_1_170' title='bbox 181 4161 366 4225; x_wconf 79' lang='lat' dir='ltr'>Abiioinrur</span> <span class='ocrx_word' id='word_1_171' title='bbox 391 4162 532 4244; x_wconf 63' lang='lat' dir='ltr'>fragilia,</span> <span class='ocrx_word' id='word_1_172' title='bbox 559 4163 647 4237; x_wconf 82' lang='lat' dir='ltr'>nudi,</span> <span class='ocrx_word' id='word_1_173' title='bbox 673 4166 783 4226; x_wconf 85' lang='lat' dir='ltr'>rorum</span> <span class='ocrx_word' id='word_1_174' title='bbox 808 4163 956 4226; x_wconf 84' lang='lat' dir='ltr'>omniurn</span> <span class='ocrx_word' id='word_1_175' title='bbox 983 4162 1095 4244; x_wconf 79' lang='lat' dir='ltr'>ogoni3</span> 
     </span>
     <span class='ocr_line' id='line_1_31' title="bbox 233 4267 1088 4350; baseline 0.001 -20"><span class='ocrx_word' id='word_1_176' title='bbox 233 4267 392 4349; x_wconf 88' lang='lat' dir='ltr'>Corporis</span> <span class='ocrx_word' id='word_1_177' title='bbox 417 4268 494 4333; x_wconf 81' lang='lat' dir='ltr'>irinc</span> <span class='ocrx_word' id='word_1_178' title='bbox 521 4272 651 4350; x_wconf 78' lang='lat' dir='ltr'>tegnren</span> <span class='ocrx_word' id='word_1_179' title='bbox 675 4269 858 4350; x_wconf 81' lang='lat' dir='ltr'>quaeritur,</span> <span class='ocrx_word' id='word_1_180' title='bbox 882 4269 959 4332; x_wconf 85' lang='lat' dir='ltr'>indo</span> <span class='ocrx_word' id='word_1_181' title='bbox 983 4269 1088 4332; x_wconf 87' lang='lat' dir='ltr'>cibus.</span> 
     </span>
    </p>
   </div>
   <div class='ocr_carea' id='block_1_5' title="bbox 1190 4302 1256 4384">
    <p class='ocr_par' dir='ltr' id='par_1_5' title="bbox 1190 4302 1256 4384">
     <span class='ocr_line' id='line_1_32' title="bbox 1190 4302 1256 4384; baseline 0 0"><span class='ocrx_word' id='word_1_182' title='bbox 1190 4302 1256 4384; x_wconf 81' lang='grc' dir='ltr'><strong><em>Ι</em></strong></span> 
     </span>
    </p>
   </div>
   <div class='ocr_carea' id='block_1_6' title="bbox 0 0 1320 4718">
    <p class='ocr_par' dir='ltr' id='par_1_6' title="bbox 0 0 1320 4718">
     <span class='ocr_line' id='line_1_33' title="bbox 0 0 1320 4718; baseline 0 0"><span class='ocrx_word' id='word_1_183' title='bbox 0 0 1320 4718; x_wconf 95' lang='lat' dir='ltr'> </span> 
     </span>
    </p>
   </div>
  </div>
 </body>
</html>
