2632 4718
433 716 652 780 ..44-

501 892 583 955 inv.

82 1013 130 1080 In
152 1012 376 1082 illitteratos
398 1012 683 1084 vocabulorum
706 1018 992 1105 expositore.
1000 1024 1032 1105 *l

211 1174 285 1237 Non
310 1172 405 1237 facile
428 1174 493 1237 dici
517 1176 638 1255 potest,
663 1180 839 1257 quantum
865 1180 1014 1247 Latinae
1035 1182 1087 1245 lin·

122 1300 205 1357 guae
238 1282 381 1343 noceant
409 1278 535 1342 indocti
568 1280 721 1363 plerique
757 1282 961 1351 dictionum
996 1289 1086 1352 inter-

120 1387 232 1467 pretes
267 1388 300 1448 et
335 1384 544 1467 etymologici
582 1385 669 1449 inter
705 1386 834 1453 Latina
878 1394 918 1456 et
954 1394 1085 1459 barbara

123 1490 202 1553 nihil
235 1490 438 1554 discriminis
468 1490 626 1555 incientes
657 1494 692 1555 et
723 1492 758 1556 in
793 1498 960 1564 medium
987 1500 1085 1583 prote·

55 1602 74 1659 ἵ)
122 1600 237 1659 rentes
255 1596 464 1679 ineptissima
487 1598 656 1680 planeque
680 1598 827 1666 ridicula
844 1606 1085 1671 vocabulorum

121 1703 427 1785 interpretamenta,
451 1723 593 1785 quorum
617 1706 653 1767 ut
676 1708 789 1769 errata
809 1708 982 1787 vitentur,
1005 1712 1085 1776 hunc

127 1807 311 1872 indiculum
342 1808 481 1873 subieri:
516 1810 675 1883 isidorus,
705 1814 827 1874 auctor
854 1814 994 1901 alioqui
1017 1818 1086 1900 pius

120 1920 154 1979 el
178 1935 245 1978 non
269 1914 404 1979 omnino
429 1915 757 2001 coritemrreridus,**)
781 1917 928 2001 PapiaS,
946 1922 1084 1987 Eberar-

121 2022 193 2089 dus,
220 2022 380 2103 liugntio,
405 2020 616 2101 Catholicon‚
639 2022 958 2109 ulammaulacrus,
983 2029 1085 2105 Aine,

33 2130 74 2189 10
120 2127 355 2208 Brerilequus,
394 2128 532 2191 (lemma
570 2146 793 2208 gemmarum,
836 2132 1085 2199 vocabularius

121 2254 248 2305 rerum,
284 2235 430 2297 loarmes
454 2235 693 2311 tlarlundinus,
729 2234 893 2301 Nicotaus
922 2240 1084 2322 Lymrius,

124 2340 315 2409 ricrnrsius,
339 2340 453 2404 Aurea
477 2341 627 2422 legenda,
655 2340 831 2405 Glossulae
856 2344 1085 2424 decreturum,

123 2447 240 2510 illussa
265 2446 420 2510 notabilis
444 2450 477 2510 et
500 2446 534 2510 id
557 2466 661 2526 genus
685 2446 823 2528 reliqua.

511 2659 574 2723 LV.

7 2799 70 2867 Ex
98 2798 303 2886 prooemio
337 2799 504 2868 secundi
534 2799 625 2868 libri
661 2798 953 2887 elegantiarum
984 2806 1085 2875 Lau·
1147 2740 1163 2871 i

350 2906 469 2974 rentii
491 2905 696 2975 Veliensis
708 2908 734 2991 ¹)

209 3066 277 3129 Ant
302 3069 368 3129 tres
392 3066 438 3129 illi
464 3070 634 3149 tanlquam
658 3065 835 3139 triumviri,
866 3068 908 3130 de
933 3089 1081 3150 quorum

120 3173 309 3253 principatu
349 3173 437 3235 inter
476 3174 625 3238 eruditos
672 3172 860 3254 quaeritur:
912 3174 1081 3253 Donatue

119 3280 273 3356 SerriuS,
306 3278 513 3353 Priscianus
543 3280 665 3360 quibus
696 3300 755 3361 ego
789 3280 921 3342 tantum
957 3282 1081 3355 tribue,
1159 3306 1165 3317 ·

122 3390 155 3448 ul
176 3388 250 3467 post
268 3406 335 3464 eos,
351 3385 552 3466 quicumque
569 3386 696 3467 aliquid
712 3386 752 3449 de
767 3384 950 3449 Latinitate
974 3389 1081 3470 serip-
1155 3466 1161 3487 Ι

57 3496 75 3555 ὑ
123 3494 248 3561 serunt,
273 3490 440 3554 balbutire
464 3492 650 3555 rideantur.
691 3491 840 3567 Quorum
864 3490 1001 3572 primus
1031 3498 1079 3558 est

121 3599 280 3677 isidorus,
314 3578 856 3678 indueturumar·rugmrlissimuS‚
892 3597 966 3679 qui,
1005 3620 1080 3664 cum

123 3703 203 3766 nihil
236 3703 327 3778 sciat,
357 3703 469 3766 muria
499 3704 671 3785 pruecipit.
719 3704 799 3765 Post
834 3702 924 3767 hune
955 3705 1079 3787 Pupius

118 3809 241 3890 aliique
255 3808 473 3873 indoctiores:
487 3809 688 3873 Eberardus.
699 3807 859 3891 Iiugutm,
868 3807 1078 3889 Catholicon,

8 3954 147 3962 ...ῳ-..-
159 3954 176 3960 .-
188 3954 272 3960 .-.---

95 4038 120 4106 *J
140 4040 174 4091 u:
195 4041 394 4107 compositores.

100 4128 137 4193 **)
159 4128 187 4180 ln
206 4128 227 4180 B
248 4128 433 4196 trinrugefrigt:
466 4128 601 4197 imprimis
621 4128 796 4181 exsecrabiles
820 4132 847 4181 et
866 4128 996 4182 barbarus
1016 4146 1081 4184 oca

12 4232 113 4268 summo
134 4217 239 4269 imulem
254 4218 381 4269 l‘ontitiro
401 4218 588 4271 condemnatas
613 4218 790 4271 obscurorum
803 4216 929 4271 Virorum
944 4218 1081 4287 Epistulas

5 4312 139 4373 tamquam
159 4306 291 4374 quendam
310 4314 413 4374 postem
431 4307 522 4376 fugero
542 4308 676 4360 debemus.

1156 3320 1166 3463 r

1155 3502 1171 4055 t

1159 4090 1189 4648 i
