2632 4718
510 765 728 832 ,85-

198 944 336 1007 reddere
364 943 535 1024 ingenium
564 944 705 1025 queant,
736 962 888 1007 seorsum
918 944 1030 1008 tamen
1053 962 1154 1025 prae·

196 1050 325 1113 bendae
349 1049 525 1113 iuvenibus
554 1052 586 1113 et
613 1050 701 1113 inter
730 1050 883 1132 physicas
913 1051 947 1114 et
978 1051 1155 1132 metaphy-

197 1157 282 1219 sieas
307 1156 516 1220 ediscendae.
556 1155 586 1218 A
610 1155 732 1237 quibus
756 1175 832 1220 cum
854 1155 1059 1238 Porphyrius
1084 1155 1154 1221 dia-

197 1262 329 1325 lectices
346 1263 501 1343 isagogen
526 1263 675 1326 scribens
700 1282 739 1325 ex
756 1261 925 1344 proposito
942 1261 1154 1340 abstinuerit,

108 1369 150 1433 35
196 1367 289 1449 ipsae
299 1368 331 1451 *)
354 1369 395 1431 de
412 1367 577 1431 industria
593 1369 670 1430 ante
691 1366 779 1432 fores
796 1367 977 1432 inculcant.
1013 1368 1154 1450 Sophis-

196 1476 285 1537 mata
301 1473 494 1536 Biitanniea
511 1476 629 1554 (laceb,
647 1493 748 1555 quam
764 1475 843 1538 sunt
864 1474 1036 1539 hominum
1053 1493 1154 1557 saepe

198 1580 330 1643 inversa
354 1580 493 1661 iudicia)
526 1579 612 1643 veris
637 1583 669 1644 et
693 1579 809 1645 solidis
832 1579 1026 1645 Aristotelis
1049 1579 1156 1662 philo-

197 1684 294 1765 sophi
318 1684 507 1767 praeceptis
530 1687 796 1767 praepouuntur.
837 1685 1032 1750 Consultius
1048 1683 1154 1764 fieret,

199 1792 226 1855 si
251 1812 289 1853 eo
314 1792 371 1855 illa
388 1790 560 1855 differrent
584 1793 655 1855 loco
679 1790 900 1871 discutienda,
924 1810 991 1874 quo
1014 1810 1154 1873 magnus

108 1899 152 1962 40
197 1897 253 1960 ille
278 1897 471 1961 dialecticae
496 1899 613 1962 doctor
643 1898 684 1961 de
708 1897 901 1980 sophisticis
932 1897 1078 1963 elenchis
1102 1917 1155 1962 ar-

198 2004 371 2085 gutissime
396 2003 681 2085 subtilissimeque
699 2003 867 2068 disseruit.
907 2003 1043 2068 Eisdem
1066 2003 1155 2068 enim

200 2110 323 2192 regulis
348 2111 504 2174 universa
520 2108 604 2174 dilui
628 2111 779 2193 solvique
803 2113 955 2194 possunt.
993 2109 1054 2174 His
1071 2109 1156 2192 ipsis

199 2216 448 2300 impedimentis
465 2235 706 2297 saepenumero
723 2216 895 2300 contingit,
920 2219 958 2282 ut
973 2217 1156 2281 multorum

198 2342 361 2387 annorum
379 2318 591 2403 dispehdium
608 2322 779 2405 patiantur
795 2323 933 2388 iuvenes
955 2342 1016 2387 nec
1033 2320 1156 2387 laboris

108 2430 152 2493 45
200 2430 300 2493 etiam
325 2430 377 2493 sui
401 2429 545 2493 fructum
570 2428 635 2493 nisi
659 2450 734 2494 sero
763 2432 915 2512 promant
946 2430 980 2493 et
1002 2447 1155 2494 marcen-

199 2538 266 2599 tem
297 2536 546 2618 re1·ius,quam
576 2539 838 2618 praematurum.
885 2535 945 2600 Via
975 2536 1064 2600 enim
1099 2533 1152 2616 (ut
1219 2578 1222 2583 -

199 2641 255 2705 ille
282 2641 407 2725 inquit)
439 2641 676 2724 incipientibus
708 2662 793 2725 opus
822 2644 874 2706 est
908 2645 942 2706 et
972 2661 1013 2706 ea
1041 2641 1152 2723 plana,

197 2750 268 2811 tum
293 2747 334 2812 ad
358 2748 626 2830 ingrediendum,
656 2750 729 2812 tum
753 2749 795 2812 ad
819 2748 1072 2813 monstrandum
1096 2767 1152 2811 ex-

199 2854 322 2936 pedita.
370 2854 525 2936 Quinque
550 2855 664 2936 itaque
698 2853 799 2918 libros
823 2855 864 2918 de
887 2856 959 2918 arte
983 2853 1156 2919 dialectica

111 2960 157 3024 50
202 2963 235 3023 et
266 2960 306 3023 ad
336 2963 369 3024 te
398 2963 431 3023 et
458 2979 520 3043 pro
551 2962 583 3023 te
619 2959 766 3024 scribere
801 2959 981 3042 proposui,
1012 2978 1156 3041 quorum

198 3065 306 3147 primo
330 3086 417 3148 quae
441 3066 692 3149 praenoscenda
715 3068 873 3149 putamus
898 3066 1050 3145 discenti,
1074 3084 1154 3130 con-

200 3172 381 3235 cluduntur
405 3172 446 3236 de
470 3173 614 3251 nomine,
639 3172 679 3236 de
704 3172 880 3254 dignitate,
904 3173 945 3236 de
969 3171 1154 3252 inventore,

201 3279 241 3342 de
265 3278 483 3359 scriptoribus
501 3278 590 3357 artiS,
616 3279 657 3342 de
681 3299 745 3342 usu
770 3282 803 3342 et
820 3279 860 3343 dc
882 3277 956 3342 aliis
973 3275 1154 3355 nonnulliS,

202 3404 289 3466 quae
320 3385 424 3448 veluti
460 3385 704 3450 introductoria
738 3388 935 3465 censentur,
971 3383 1093 3466 quibus
1122 3383 1156 3447 et

110 3492 153 3555 55
203 3490 423 3555 delectatione
451 3491 591 3556 illinitur
620 3493 689 3557 fere
725 3493 758 3555 et
793 3491 980 3573 aspergitur
1012 3489 1156 3572 quodam

200 3616 260 3661 ceu
291 3598 388 3661 melle
416 3598 562 3677 animus,
596 3617 638 3662 ne
667 3597 780 3661 statim
810 3596 905 3662 acida
933 3595 990 3660 illa
1019 3598 1054 3660 et
1076 3596 1156 3660 sub·

201 3724 314 3768 amara
353 3705 545 3769 dialectices
583 3704 705 3787 poeula
743 3703 936 3787 persentiat.
991 3701 1157 3780 Quattuor

203 3809 342 3891 reliquis
367 3830 420 3874 ars
449 3810 521 3894 ipsa
544 3811 697 3875 tradetur
720 3810 866 3892 quodam
890 3809 987 3892 quasi
1015 3809 1156 3872 naturae

201 3916 327 3981 ordine.
381 3916 466 3980 Cum
498 3918 587 3980 enim
622 3917 732 3981 tribus
759 3915 863 3980 veluti
896 3913 1013 3979 officiis
1045 3916 1158 3979 noster

111 4023 155 4087 60
201 4022 332 4086 animus
356 4025 391 4087 in
415 4024 644 4104 cognoscendo
668 4024 842 4106 iungatur,
875 4021 1015 4104 singulis
1040 4039 1157 4084 eorum

200 4129 320 4210 singuli
344 4131 513 4195 dabuntur
530 4129 617 4194 libri.
657 4131 769 4195 Primo
793 4129 884 4194 enim
900 4128 941 4192 de
965 4124 1156 4213 cognitione

180 4358 206 4428 ‘l
226 4360 261 4413 So
281 4360 311 4415 B.
349 4360 386 4412 A:
406 4362 467 4430 ipsi.
