2632 4718
539 721 760 787 ..55-

221 898 387 964 Domitius
426 898 641 977 Calderinus,
689 900 904 965 Hermannus
942 899 1176 981 Torrentinus

188 1018 191 1023 ·
221 1004 393 1070 Servatius
431 1005 635 1071 Aedicollius
670 1009 704 1070 et
735 1005 801 1070 alii.
862 1006 1029 1090 Imprimis
1067 1008 1182 1072 autem

221 1112 372 1178 studioso
395 1111 531 1195 Vergilii
554 1114 745 1177 conducunt
769 1112 928 1177 Macrobii
951 1113 1149 1178 Saturnalia.

131 1220 176 1284 80
271 1219 318 1283 In
343 1219 558 1283 Horatium
582 1218 767 1301 Porphyrio
791 1218 1020 1299 doctissimus,
1053 1218 1183 1301 Acron,

221 1325 292 1389 eius
327 1324 443 1403 simia,
483 1325 743 1408 Christophorus
779 1325 971 1407 Landinus,
1010 1323 1183 1391 Antonius

223 1431 453 1496 Mancinellus

271 1538 314 1601 ln
337 1537 548 1602 Tibullum
571 1536 800 1602 Bernardinus
825 1536 996 1616 Cyllenius
1013 1539 1183 1603 Veronen-

224 1642 271 1708 sis
294 1648 329 1709 et
352 1645 457 1709 lanus
481 1643 689 1708 Parrhasius

119 1750 175 1816 ‚85
271 1749 313 1814 In
338 1749 597 1833 Propertium
627 1750 793 1815 Domitius
807 1749 1018 1832 Calderinus,
1037 1750 1183 1815 loannes

226 1857 324 1922 Cotta
346 1857 567 1938 VeronensiS,
594 1856 773 1939 Philippus
796 1855 992 1937 Beroaldus,
1016 1855 1184 1920 Antonius

226 1963 375 2029 Volscus

278 2071 324 2134 In
347 2069 538 2135 Ovidium
562 2067 715 2151 Raphael
739 2068 875 2150 Regius
910 2067 1185 2133 Bartholomaeus

226 2177 364 2254 Merula,
388 2176 555 2241 Antonius
572 2175 745 2254 Fanensis
770 2175 895 2239 Paulus
912 2176 1053 2254 Marsus
1076 2174 1184 2237 Anto-

138 2285 184 2349 80
229 2282 304 2347 nius
327 2283 483 2362 Volscus,
518 2280 882 2362 Ube1·tinusclericuS‚
921 2279 1085 2345 Domitius
1109 2279 1185 2345 Cal-

232 2389 380 2466 deriuus
405 2389 567 2470 Georgius
591 2386 849 2451 Alexandrinus

280 2497 324 2559 ln
347 2493 551 2559 Valerium
582 2494 793 2558 Maximum
832 2491 996 2557 Oliverius
1027 2491 1186 2571 Arzigna-

230 2602 344 2666 nensis
368 2604 401 2665 et
425 2600 593 2664 Antonius
618 2601 758 2664 Laenas

227 2733 231 2740 ·
282 2709 326 2772 ln
355 2709 546 2772 Senecam
577 2706 769 2787 tragicum
791 2702 1188 2770 BernardinusMarmita

141 2816 183 2879 95
231 2814 432 2892 Parmensis
468 2812 587 2877 Daniel
623 2811 802 2876 Caietanus
838 2811 1091 2890 Cremonensis
1131 2811 1187 2874 Jo-

232 2922 335 2985 docus
359 2920 484 2984 Badius
507 2919 700 2984 Ascensius

282 3028 326 3090 In
343 3025 530 3091 Persium
547 3025 727 3104 Cornutus
744 3024 1020 3089 Bartholomaeus
1037 3022 1187 3102 Pontius,

235 3135 380 3198 loannes
404 3132 631 3212 Britannicus,
656 3132 776 3196 Curius
801 3131 1019 3209 LancilottuS,
1044 3131 1188 3194 loannes

231 3240 448 3305 Mmffim

124 3351 187 3414 100
283 3349 329 3412 ln
368 3347 504 3410 ludum
544 3347 720 3410 Senecae
767 3345 813 3408 de
859 3346 986 3406 morte
1032 3341 1188 3405 Claudii

233 3453 419 3518 Caesaris
453 3453 581 3517 Beatus
617 3453 802 3516 Rhenanus
838 3449 963 3514 scholia
1002 3448 1190 3530 composuit

235 3581 316 3626 sane
341 3580 441 3642 quam
466 3560 641 3641 eleganter.
700 3575 702 3577 ’

283 3669 327 3732 ln
351 3668 562 3731 Lucanum
592 3665 819 3742 Omnibonus
855 3664 1000 3727 Joarrues
1025 3660 1189 3743 Snlpitius

234 3778 267 3839 et
291 3773 467 3856 Philippus
491 3773 685 3837 Beroaldus.

124 3884 187 3946 105
286 3881 329 3944 ln
353 3880 618 3945 Columellam
644 3877 819 3960 Philippus
843 3875 1037 3940 Beroaldus

284 3988 327 4051 ln
352 3985 531 4050 Statium
560 3984 773 4066 Papinium
805 3981 998 4046 Lactantius
1026 4000 1190 4062 gramma·

234 4095 330 4173 ticus,
355 4093 413 4174 qui
437 4091 673 4176 aquibusdam
690 4090 847 4154 Lutatius
870 4088 1001 4169 dicitur,
1026 4086 1190 4154 Domitius

236 4199 443 4280 Calderinus
468 4200 665 4264 Franciscus
688 4196 921 4276 Maturantius
946 4196 1091 4262 loannes
1115 4193 1191 4259 Bri·

235 4306 400 4372 tannicus.
1043 4301 1048 4309 ’
