2632 4718
548 586 768 653 ..49-

215 764 385 848 captivuS,
419 764 551 831 vinctus
579 768 612 831 et
645 785 770 832 servus.
817 765 945 832 Tamen
973 766 1050 852 quia
1076 769 1186 852 philo-

215 873 343 955 sophus
367 871 474 938 maior
496 875 628 938 emente
652 893 687 939 se
715 873 788 939 fuit.
832 873 885 939 Ad
909 873 1020 940 Titum
1044 875 1185 957 Livium,

215 979 323 1045 lacteo
361 979 571 1064 eloquentiae
593 981 698 1049 ,fonte
735 986 942 1063 manantem,
981 983 1023 1047 de
1060 982 1186 1047 ultimis

123 1087 169 1152 40
216 1083 400 1169 Hispaniae
429 1086 676 1170 Galliarumque
710 1085 833 1153 tinibus
863 1089 1025 1170 quosdam
1055 1091 1186 1155 venisse

215 1192 345 1259 nobiles
369 1191 556 1280 legimus,²)
578 1197 611 1259 et
633 1213 717 1276 quos
741 1195 784 1259 ad
806 1195 1116 1277 contemplationem
1135 1196 1186 1261 sui

216 1300 327 1366 Roma
350 1320 420 1367 non
441 1301 596 1382 traxerat,
621 1302 721 1366 unius
744 1301 889 1367 hominis
911 1301 1000 1368 sarna
1022 1303 1185 1387 perduxit.

216 1407 346 1472 Habuit
367 1407 540 1488 illaaetas
563 1407 750 1474 inauditum
773 1408 926 1474 omnibus
943 1409 1084 1475 saeculis
1101 1411 1187 1476 cele-

215 1514 449 1598 brandumque
471 1514 678 1595 miraculum,
703 1517 739 1581 ut
761 1518 888 1582 tantam
910 1517 1027 1582 urbem
1047 1518 1187 1600 ingressi

126 1624 169 1687 45
215 1621 308 1687 aliud
331 1625 424 1687 extra
453 1622 569 1688 urbem
599 1626 809 1705 quaererent.
856 1623 1089 1711 Apollonius-³)
1118 1625 1188 1690 sive

217 1728 275 1793 ille
297 1747 429 1810 magus,
458 1731 496 1793 ut
523 1728 640 1811 vulgus
663 1729 827 1812 loquitur,
861 1729 930 1795 sive
958 1729 1187 1815 philosophus,

218 1839 255 1900 ut
280 1834 477 1918 Pythagorei
492 1835 640 1914 tradunt,
664 1835 802 1903 intravit
818 1836 948 1917 Persas,
972 1837 1188 1922 pertransivit

217 1942 415 2018 Caucasum,
443 1941 602 2020 Albanos,
631 1943 780 2026 Scythae,
808 1944 1019 2026 Massagetas,
1049 1945 1188 2027 opulen-

217 2048 349 2114 tissima
382 2049 497 2114 Indiae
528 2070 629 2132 regna
656 2050 844 2133 penetravit
875 2053 909 2116 et
936 2053 978 2116 ad
1005 2054 1190 2117 extremum

126 2159 171 2223 50
219 2155 384 2221 latissimo
418 2157 553 2236 Physon
586 2177 683 2222 amne
724 2157 919 2223 transmisso
963 2158 1113 2241 pervenit
1147 2160 1190 2224 ad

218 2262 463 2342 Brachmanae,
497 2267 535 2328 ut
569 2263 763 2344 lliarcham,
796 2265 831 2329 in
864 2266 984 2331 throno
1018 2266 1188 2330 sedentem

219 2390 322 2436 aureo
346 2374 379 2435 91
402 2372 443 2435 de
466 2369 599 2435 Tantali
623 2369 713 2436 fonte
737 2374 925 2453 potantem,
953 2373 1042 2436 inter
1065 2391 1189 2454 paucos

220 2477 401 2561 discipulos
429 2477 470 2542 de
499 2480 632 2557 natura,
668 2479 709 2542 de
738 2478 887 2543 moribus
914 2498 953 2543 ac
980 2479 1127 2543 siderum
1155 2482 1188 2543 et

220 2584 350 2650 dierum
367 2604 467 2650 cursu
488 2585 618 2649 audiret
634 2586 820 2650 docentem.
845 2586 926 2650 Inde
942 2605 1002 2668 per
1019 2586 1188 2668 Elamitas,

126 2694 170 2759 55
219 2690 435 2774 BabylonioS,
459 2691 660 2773 Chaldaeos,
683 2693 810 2772 Medos,
839 2693 1006 2776 Assyrios,
1037 2694 1188 2774 Parthos,

219 2799 336 2881 Syros,
371 2799 574 2879 Phoenices,
613 2799 757 2867 Arabes.
793 2800 999 2865 Palaestinos
1036 2821 1188 2866 reversus

219 2905 456 2972 Alexandriam
485 2905 629 2989 perrexit
659 2907 700 2971 ad
728 2907 953 2990 Aethiopiam,
987 2910 1023 2972 ut
1055 2928 1189 2990 gymno-

218 3014 388 3096 sophistas
418 3016 451 3078 et
481 3014 748 3078 samiosissimam
777 3013 854 3078 solis
884 3034 1033 3079 mensam
1061 3015 1189 3080 videret

219 3121 256 3185 in
279 3122 405 3186 sabulo.
453 3121 583 3186 Invenit
607 3121 663 3185 1119
686 3121 736 3184 111
765 3121 900 3204 ubique,
930 3122 1020 3203 quod
1044 3122 1189 3186 disceret

128 3232 174 3296 60
220 3231 256 3294 91
286 3248 417 3312 semper
445 3227 622 3312 proficiens
653 3247 784 3311 semper
817 3227 882 3313 [se]
916 3228 1032 3293 melior
1061 3226 1186 3292 tieret.“

220 3336 315 3400 Haec
339 3336 435 3400 dirus
461 3333 731 3421 Hieronymusst)
770 3333 1030 3420 Quintilianum)
1053 3353 1131 3398 vero
1155 3332 1188 3397 in

219 3443 329 3526 primo
353 3443 393 3509 de
417 3442 559 3507 oratoria
581 3442 790 3508 institutione
815 3441 899 3507 libro
924 3443 964 3506 de
986 3442 1125 3506 Platone
1142 3441 1189 3505 sic

220 3550 347 3633 inquit:
374 3549 543 3632 ,Denique
559 3569 618 3614 cur
633 3549 665 3613 in
683 3550 735 3614 his
751 3548 915 3629 omnibus,
932 3567 1016 3630 quae
1034 3547 1190 3612 discenda

220 3658 343 3723 oratori
368 3661 464 3739 puto,
495 3658 636 3721 eminuit
660 3656 776 3721 Plato?
812 3654 892 3734 Qui,
923 3674 988 3719 non
1016 3655 1189 3720 contentus

129 3767 172 3833 65
223 3764 421 3847 disciplinis,
450 3784 532 3848 quas
556 3767 726 3846 praestare
749 3765 903 3844 poterant
925 3762 1094 3840 Athenae,
1123 3779 1190 3824 non

221 3872 519 3955 Pythagoreorum,
553 3872 595 3936 ad
624 3889 706 3953 quos
737 3868 772 3934 in
804 3869 935 3933 Italiam
971 3868 1189 3951 navigaverat,

220 3979 362 4064 Aegypti
398 3999 532 4062 quoque
578 3977 766 4042 sacerdotes
807 3975 890 4040 adiit
936 3978 1036 4056 atque
1075 3994 1189 4038 eorum

221 4107 341 4153 arcana
357 4086 574 4170 119111111191111
601 4083 729 4169 11191116)
746 4085 779 4147 in
795 4082 856 4146 XII
874 4082 958 4146 libro
976 4083 1016 4144 de
1033 4080 1189 4145 Cicerone

221 4196 268 4260 sic
296 4195 428 4260 scribit:
466 4192 573 4273 „Usus
606 4194 657 4256 est
688 4195 721 4254 et
747 4191 809 4253 hac
839 4188 965 4253 ratione
994 4188 1035 4251 M.
1060 4186 1189 4251 Tullius

977 4327 1000 4397 4
