2632 4718
625 602 846 668 -54-

295 779 494 847 Felicissimi
518 799 578 846 nos
602 800 751 846 essemus
773 781 837 846 hoc
860 781 1003 861 saeculo,
1032 780 1168 863 quando
1192 779 1269 847 nori

294 887 433 968 artificii,
458 907 559 971 quam
585 888 919 972 „Chalcographiam“
944 889 1075 966 vocant,
1103 887 1270 953 beneficio

296 997 346 1062 tot
358 996 483 1078 ubique
496 995 572 1060 libri
589 1014 692 1078 parvo
708 997 815 1080 pretio
832 996 966 1060 venales
978 995 1270 1073 circumferuntur,

296 1103 324 1168 si
359 1122 426 1167 non
458 1121 574 1167 omnes
609 1102 677 1166 lere
708 1101 838 1167 mendis
873 1101 1058 1166 innumeris
1088 1102 1269 1166 scaterent.

208 1212 251 1275 20
298 1211 366 1275 Sed
390 1208 512 1281 nescio,
543 1207 617 1293 quis
640 1208 748 1273 malus
778 1208 919 1272 daemon
943 1206 1038 1272 nobis
1061 1209 1174 1272 tantae
1197 1207 1271 1272 leli-

297 1317 406 1382 citatis
429 1314 585 1381 invideat.
633 1316 672 1379 ln
696 1314 868 1380 meliorem
891 1313 1043 1380 fortassis
1067 1316 1197 1397 partem
1221 1314 1271 1379 sic

299 1424 416 1506 agitur,
441 1442 483 1487 ne
506 1422 685 1488 credulitas
710 1424 823 1485 nostra
846 1420 939 1485 libris
956 1420 1095 1485 nimium
1111 1419 1269 1486 confidat.

301 1531 433 1607 Verum,
458 1531 495 1594 ut
511 1530 552 1593 ad
568 1528 760 1592 institutum
775 1530 930 1607 revertar,
953 1546 1036 1610 puer
1051 1527 1160 1591 adhuc
1177 1528 1272 1592 rudis

299 1657 366 1701 non
395 1637 460 1701 nisi
491 1635 652 1718 pauculos
681 1634 783 1701 libros
815 1636 848 1699 et
876 1654 933 1698 eos
957 1632 1108 1717 quidem,
1145 1635 1173 1698 si
1197 1632 1271 1699 fieri

194 1745 250 1808 “25
297 1745 421 1825 potest,
467 1741 754 1808 emendatissimos
788 1742 925 1821 habeat,
969 1760 1031 1805 nec
1065 1742 1172 1805 solum
1208 1742 1272 1805 im-

296 1850 422 1932 pressis
440 1849 562 1914 chartis
579 1851 757 1927 assuescat,
774 1850 834 1914 sed
851 1849 971 1931 etipse
991 1849 1135 1930 -quod
1151 1853 1272 1930 postea

298 1957 440 2021 maximo
475 1955 551 2019 usui
589 1956 653 2020 erit
688 1992 727 2003 -
763 1956 892 2020 litteras
932 1954 1089 2037 graphice
1125 1954 1271 2021 formare

301 2063 406 2128 discat
422 2065 454 2127 et
472 2066 601 2128 mature
624 2082 842 2146 quaecunque
865 2082 885 2127 a
908 2062 1065 2144 magistro
1090 2062 1271 2144 dictantur,

298 2169 333 2234 in
360 2170 471 2235 libello
500 2171 543 2234 ad
571 2190 705 2234 manum
736 2173 892 2253 prompto
921 2173 1045 2235 notare.
1093 2168 1149 2234 Sic
1180 2171 1272 2233 enim

211 2277 254 2342 30
299 2279 333 2341 et
360 2277 632 2360 orthographiam
662 2275 823 2357 paulatim
855 2275 1001 2340 addiscet
1030 2279 1063 2339 et
1087 2295 1175 2358 quae
1197 2275 1271 2358 ipsc

299 2385 486 2467 scripserit,
525 2384 631 2450 multo
666 2383 796 2447 facilius
831 2383 1062 2447 recordabitur
1101 2385 1201 2465 atque
1236 2383 1272 2446 in

300 2493 457 2557 memoria
482 2491 607 2555 diutius
631 2491 766 2555 tenebit.
814 2490 898 2553 Cum
927 2509 1005 2554 vero
1034 2491 1099 2554 iarn
1127 2491 1272 2555 multum

297 2599 332 2661 in
357 2597 475 2662 litteris
496 2598 685 2679 profecerit,
709 2597 868 2680 paulatim
886 2596 1037 2661 consulto
1053 2600 1272 2679 praeceptore

299 2704 404 2786 magis
428 2704 492 2768 sibi
516 2705 654 2770 idoneos
676 2709 709 2769 et
725 2706 882 2786 probatos
899 2704 1002 2767 libros
1019 2706 1199 2786 comparet,
1225 2707 1271 2784 et,

211 2813 251 2875 35
298 2830 500 2893 quamquam
524 2810 690 2896 Plinius2)
714 2810 806 2888 dixit,
828 2811 956 2875 nullum
973 2830 1046 2875 esse
1063 2811 1185 2875 librum
1203 2815 1272 2876 tam

298 2919 433 2997 malum,
460 2921 496 2982 ut
521 2938 587 2984 non
611 2918 723 3001 aliqua
746 2940 785 2983 ex
809 2923 904 3001 parte
928 2919 1113 3000 prodesset,
1143 2919 1272 2984 schola-

299 3026 401 3091 sticus
425 3027 536 3089 tamen
561 3046 581 3090 a
604 3025 744 3110 libris,³)
767 3026 889 3107 quibus
906 3027 1076 3108 superflua
1092 3028 1271 3109 praecepta

298 3131 512 3197 harbariesve
524 3133 612 3196 inest
623 3170 664 3182 -
676 3134 790 3215 quales
804 3153 877 3197 corn
892 3140 1035 3197 maxima
1048 3133 1272 3197 studiosorum

298 3240 428 3303 iactura
450 3239 547 3320 vulgo
571 3239 774 3303 circumferri
798 3240 948 3304 ridemus
965 3277 1006 3286 —
1024 3259 1091 3303 non
1115 3260 1210 3305 secus
1234 3260 1272 3304 ac

210 3348 255 3412 40
300 3364 319 3409 a
354 3345 531 3411 venenosis
570 3347 785 3427 serpentibus
827 3346 891 3411 sihi
926 3350 1049 3411 careat.
1097 3347 1197 3424 Nam,
1237 3349 1273 3410 ut

300 3452 426 3518 Gellius
461 3454 588 3535 inquit,
624 3454 886 3518 adolescentium
919 3455 1065 3518 indolem
1101 3473 1169 3518 non
1203 3456 1273 3519 tam

299 3560 423 3641 iuvant,
448 3581 533 3643 qnae
558 3563 643 3626 bene
664 3562 857 3639 dictasunt,
881 3581 982 3643 quarn
1000 3560 1162 3639 inficiunt,
1187 3580 1273 3643 quac

299 3667 452 3750 pessime.
478 3667 641 3754 Seneca4)
664 3670 705 3734 de
730 3668 822 3734 libris
846 3671 993 3734 tractans
1019 3669 1115 3747 „Non
1136 3670 1272 3749 refert“,

298 3775 423 3859 inquit,
458 3796 576 3858 „quarn
608 3777 747 3858 multos,
783 3778 842 3841 sed
873 3797 974 3859 quam
1001 3777 1107 3841 bonos
1136 3777 1270 3842 habeas.

210 3882 253 3946 45
302 3882 418 3948 Lectio
453 3888 544 3949 certa
577 3885 730 3966 prodest,
770 3883 862 3947 varia
897 3884 1049 3947 delectat.
1107 3883 1172 3960 Oui
1207 3904 1272 3966 quo

300 3990 491 4069 destinavit,
527 3992 703 4075 pervenire
732 3992 820 4071 vult,
852 4011 953 4056 unam
982 3994 1142 4072 sequatur
1175 3992 1272 4073 riam,

299 4117 367 4162 non
390 4117 450 4180 per
474 4099 595 4164 multas
619 4102 772 4181 ragetum
797 4119 864 4163 non
888 4100 936 4162 ire
960 4099 1059 4176 istud,
1084 4098 1143 4162 sed
1165 4117 1274 4162 errare

299 4206 378 4271 est.“
409 4206 451 4270 Et
474 4204 597 4293 idem5)
620 4205 714 4271 alibi:
741 4206 922 4286 „Distrahit
946 4205 1095 4270 animum
1111 4205 1273 4271 librorum
