2632 4718
521 718 741 793 ,46-

210 907 272 971 dae
300 908 380 970 sunt
410 925 450 970 ex
473 906 638 985 Varrone,
666 902 762 969 cuius
784 921 876 987 opus
902 904 950 969 de
982 904 1102 989 lingua
1123 904 1178 969 La·

209 1013 279 1076 tina
294 1013 422 1077 utinam
438 1013 586 1076 exstaret
601 1008 799 1093 integrum,
824 1028 870 1074 ex
886 1009 1011 1077 Nonio
1029 1012 1178 1077 llarcello

145 1124 164 1183 :i
212 1120 246 1182 et
269 1118 368 1182 Festo
392 1117 564 1198 Pompeio,
587 1116 721 1197 linguae
740 1114 888 1181 Latinae
913 1116 1178 1201 indagatoribus,

213 1245 252 1289 ex
270 1223 310 1287 A.
324 1224 440 1300 Gellio,
465 1222 642 1302 Macrobio,
659 1220 778 1305 Capru,
796 1222 996 1297 Prisciano,
1014 1224 1177 1301 Diomede,

213 1351 253 1394 ex
277 1328 422 1410 antiquis
454 1327 717 1408 iur·isconsnlti3‚
745 1326 804 1410 qui
834 1328 1083 1411 eloquentiam
1110 1348 1177 1395 curn

211 1434 330 1519 primis
353 1435 538 1498 coluerunt.
585 1434 670 1499 Item
693 1454 734 1499 ex
757 1434 888 1499 Jounne
913 1434 1102 1511 Tortellio,
1125 1436 1177 1500 sed

125 1546 165 1605 10
212 1542 267 1605 nie
301 1544 350 1619 (ut
381 1542 415 1603 et
445 1540 502 1603 alii
536 1538 689 1625 quidam)
721 1540 926 1623 compluries
964 1542 1090 1625 lapsus
1123 1544 1177 1607 est

215 1646 359 1710 l'roinde
383 1665 468 1727 opus
492 1650 543 1709 est
567 1648 601 1709 et
618 1644 768 1728 diligenti
787 1644 904 1711 variae
929 1647 1094 1713 lectionis
1117 1648 1178 1712 col·

213 1752 338 1817 latione
360 1755 395 1814 et
411 1754 571 1833 peracuto
595 1750 727 1815 iudicio.
770 1750 819 1815 Ex
834 1750 1024 1817 toriniano
1042 1754 1177 1819 Parthe-

216 1877 363 1939 nopaeo,
387 1857 482 1921 cuius
507 1857 635 1922 lexicon
658 1858 765 1922 fertur
787 1858 830 1921 ab
854 1856 930 1921 eius
954 1864 1177 1945 praeceptore

213 1963 383 2027 Clralcidio
399 1962 633 2044 compositum,
649 1983 690 2027 ex
703 1963 885 2027 Laurentio
901 1964 1015 2043 Valla,
1035 1966 1097 2049 qui
1112 1985 1177 2031 orn-

154 2073 165 2104 ,v
216 2070 309 2132 nium
327 2067 454 2149 optime
470 2070 511 2133 de
528 2068 640 2149 lingua
656 2068 777 2133 Latina
793 2069 933 2133 meritus
950 2074 1019 2149 est,
1046 2093 1088 2136 ex
1111 2071 1178 2135 eius

216 2176 382 2257 discipulo
408 2175 544 2238 Nicolau
569 2176 714 2239 Perotto.
755 2175 817 2237 llis
841 2174 927 2239 adde
953 2176 1178 2241 Hermolaum

215 2281 417 2355 Barbarum„
437 2281 494 2361 qui
519 2282 552 2343 in
572 2280 671 2344 Plinii
697 2281 883 2345 naturalem
900 2281 1086 2347 historiam
1110 2285 1179 2365 ple-

218 2407 278 2450 nas
295 2386 492 2449 eruditionis
516 2387 660 2469 optimae
677 2387 910 2469 castigationes
934 2387 1058 2465 edidit,
1076 2390 1178 2453 (leor-

216 2493 304 2572 giunr
330 2493 488 2555 llerulanr
513 2496 546 2556 et
569 2493 762 2575 l’lrilippnrn
780 2493 982 2556 Beroaldum
1007 2494 1046 2557 in
1072 2496 1178 2576 scrip-

127 2604 134 2630 ‘
216 2601 307 2662 tores
340 2599 387 2660 rei
417 2599 576 2678 rusticae,
606 2600 783 2681 (teorgium
808 2600 950 2671 l'allam,
988 2599 1178 2664 illustrium

216 2704 360 2767 rirorurn
378 2705 486 2767 rarius
503 2705 745 2784 annotationes,
764 2704 978 2769 (tuilielrnum
996 2705 1177 2771 Budaeurn

217 2809 250 2872 in
271 2809 457 2873 Paridectas
482 2813 516 2873 et
542 2811 582 2873 de
606 2831 679 2873 asse
703 2832 741 2874 ac
763 2812 835 2874 eius
852 2811 1016 2892 partibus,
1045 2813 1177 2878 Erasini

217 2916 433 2978 ltoterodnnri
472 2918 596 2979 llurnen
632 2937 769 2981 aureum
805 2919 838 2979 et
871 2918 1116 2981 annotationes
1145 2920 1178 2982 in

220 3021 349 3083 Novum
374 3021 627 3085 'testamentum
653 3043 690 3086 ac
714 3022 840 3086 scholia
864 3022 898 3084 in
917 3022 1177 3101 Hieronymum.

129 3132 164 3189 εἴ
219 3125 308 3188 l'etri
341 3127 457 3188 (ju-initi
493 3128 595 3190 lituos
624 3129 664 3191 de
691 3130 830 3191 honesta
861 3128 1052 3208 disciplina.
1109 3130 1176 3193 Nee

217 3234 479 3295 conternuemlns
512 3237 562 3296 est
595 3234 772 3310 llionysius
801 3233 921 3298 Nestor
954 3233 1176 3299 Norat-iensis

218 3357 278 3400 nec
292 3339 478 3419 t‘trapaldus
494 3340 535 3401 de
552 3339 704 3419 partibus
721 3340 863 3403 aredium.
896 3339 1100 3404 Ambrosius
1114 3342 1177 3406 Ca·

222 3443 363 3524 lepinus.
390 3444 520 3508 tarnetsi
546 3465 620 3508 cnm
645 3444 738 3521 alios
762 3450 833 3509 turn
857 3445 1031 3509 Nicolaum
1058 3448 1177 3512 Perot-

218 3551 300 3621 tnnr,
326 3550 541 3615 llerrnolaurn
566 3551 750 3615 Barbarum
775 3554 809 3615 et
827 3550 1020 3634 Philippum
1038 3552 1176 3619 Beroal-

159 3656 162 3661 ’
219 3656 297 3719 dnm
324 3676 440 3737 parurn
465 3658 654 3721 rereenmle
679 3658 924 3740 corripilarerit‚
955 3658 1174 3723 Laurentium

220 3762 407 3825 l'allensenr
431 3763 661 3845 impudentius
685 3765 845 3828 laxaverit
877 3768 910 3827 et
940 3768 972 3827 nt
998 3765 1102 3830 liorno
1126 3767 1176 3830 in-

218 3868 291 3930 dicii
328 3888 446 3949 expers
482 3889 734 3952 nonmnnqnarn
771 3870 1018 3951 imperitissime
1055 3873 1176 3937 delira·

218 3974 318 4043 reril,
350 3975 507 4037 studiosis
535 3979 646 4040 tarnen
676 3996 828 4058 magnam
857 3977 1017 4041 libroruin
1048 3999 1175 4061 suppe-

219 4080 361 4142 lectilem
388 4100 452 4142 non
478 4081 681 4145 habentibus
705 4086 757 4146 est
788 4084 1031 4165 propemodum
1057 4106 1175 4149 neces-

130 4185 171 4249 35
218 4186 323 4247 sarius
348 4187 390 4248 oli
414 4187 574 4267 plurimas
591 4188 752 4253 dictiones
776 4211 815 4253 ex
837 4189 933 4252 bonis
951 4190 1176 4272 scriptoribus

218 4296 427 4356 crrrrcerratas
451 4296 479 4355 et
499 4297 576 4376 apto
590 4296 735 4376 digestas
752 4298 869 4359 rntlirre
882 4316 919 4359 ac
929 4316 989 4378 per
1008 4296 1040 4359 iu
1061 4297 1177 4363 faciles
