2632 4718
627 570 848 637 hag...

209 751 250 818 10
294 748 476 816 Alexandri
505 750 589 816 Galli
603 749 627 832 ¹)
656 769 774 815 versus
802 748 1137 834 interpretationibus
1169 749 1272 818 disci·

294 859 393 943 pulos
430 856 596 937 detineat,
631 857 690 941 qui
725 858 831 924 multo
866 857 1070 923 commodius
1105 860 1272 942 longeque.

296 965 413 1030 maiori
437 965 625 1030 studiorum
653 964 760 1046 gratia
789 964 911 1047 regulis
940 965 1165 1047 grammaticis
1192 967 1272 1031 bre-

295 1073 380 1138 viter
402 1071 606 1138 transmissis
637 1071 671 1135 in
699 1070 856 1136 Bucolico
884 1071 1022 1156 Vergilii
1046 1072 1193 1138 carmine
1218 1074 1270 1138 vel

295 1180 468 1245 comoedia
490 1178 603 1261 aliqua
624 1177 735 1243 Plauti
755 1198 815 1243 seu
831 1178 980 1243 Terentii
996 1179 1049 1244 rel
1066 1180 1102 1244 in
1118 1180 1273 1263 epistolis

211 1290 249 1353 15
298 1287 479 1370 dialogisre
492 1286 534 1350 M.
551 1285 651 1350 Tullii
668 1288 703 1350 et
715 1285 891 1351 verborum
904 1284 1108 1368 significatus
1121 1286 1272 1352 ediscere

298 1397 331 1459 et
354 1413 452 1458 verae
476 1393 694 1475 sinceraeque
712 1392 884 1457 Latinitali
907 1412 1099 1458 assuescere
1122 1398 1271 1476 possent.

297 1501 387 1579 Quin
399 1500 510 1583 potius
523 1498 706 1564 ambitiosis
723 1499 818 1565 utilia
829 1501 994 1583 praeferat
1012 1504 1055 1580 et,
1069 1501 1148 1566 dum
1161 1503 1273 1567 adhuc

299 1607 395 1673 rudia
417 1606 572 1672 tractabit
596 1608 738 1689 ingenia,
767 1627 834 1672 non
858 1607 969 1672 statim
993 1613 1109 1673 oneret
1131 1609 1275 1675 infirmi-

298 1719 401 1780 tatem
425 1714 638 1791 disccntium,
672 1715 732 1778 sed
760 1717 925 1798 temperet
952 1715 1041 1780 vires
1072 1720 1207 1781 suaset
1232 1718 1275 1783 ad

212 1825 255 1889 20
299 1822 506 1888 intellectum
530 1821 737 1887 audientium
762 1823 952 1887 descendat.
984 1823 1069 1888 Nam
1083 1826 1122 1888 ut
1138 1825 1275 1891 vaseula

300 1930 367 1993 oris
390 1929 522 2012 angusti
546 1927 756 2011 superfusam
780 1929 928 1993 humoris
952 1929 1081 2011 copiam
1099 1934 1272 2013 respuunt,

300 2036 424 2101 sensim
456 2038 568 2100 autem
600 2035 818 2100 influentibus
848 2037 900 2101 vel
937 2035 1037 2100 etiarn
1067 2036 1274 2104 stillantibus

301 2144 520 2226 complentur,
544 2143 592 2206 sic
616 2142 718 2207 animi
741 2161 919 2225 puerorum
941 2147 1103 2226 quantum
1119 2143 1275 2226 excipere

301 2251 443 2333 possint,
466 2250 647 2314 ridendum
664 2248 749 2334 esre)
772 2251 1025 2333 parendumque
1043 2250 1181 2316 Horatio
1191 2252 1219 2335 ³)
1240 2253 1275 2316 in

215 2361 256 2424 95
303 2360 375 2422 arte
399 2355 531 2439 poetica
555 2357 602 2420 sic
626 2357 833 2421 admonenti:

351 2463 542 2546 „Quidquid
564 2462 759 2546 praecipies,
790 2468 862 2528 esto
885 2464 1012 2541 brevis,
1038 2468 1074 2528 ut
1097 2465 1164 2530 cito
1189 2465 1277 2530 dicta

348 2569 538 2653 Percipient
562 2569 664 2634 animi
690 2569 814 2633 dociles
837 2572 1041 2652 teneantque
1065 2569 1198 2645 fideles3

347 2678 454 2742 Omne
478 2695 721 2760 supervacuum
744 2677 843 2759 pleno
867 2677 907 2741 de
930 2680 1063 2759 pectore
1086 2679 1229 2743 manat.“

303 2784 371 2850 Sed
394 2804 455 2848 nec
471 2784 551 2848 satis
569 2786 628 2862 est,
651 2784 846 2864 magistrum
864 2783 1044 2866 discipulos
1061 2803 1140 2850 suos
1157 2786 1277 2850 docere

216 2896 259 2959 30
305 2892 451 2967 litteras,
483 2890 546 2954 nisi
575 2890 770 2973 disciplinae
800 2891 976 2955 severitate
1007 2891 1275 2957 convenientium

304 3019 438 3082 quoque
462 2999 504 3062 ad
528 3016 563 3062 se
593 3017 701 3063 mores
734 2997 957 3062 adstrinxerit.
1007 2998 1144 3078 „Sumat
1176 2999 1279 3081 igitur

304 3108 380 3172 ante
405 3105 517 3170 omnia
540 3103 688 3187 parentis
711 3124 788 3186 erga
812 3103 994 3186 discipulos
1023 3124 1101 3169 suos
1129 3105 1278 3170 animum

305 3234 343 3278 ac
367 3214 546 3277 succedere
575 3232 610 3277 se
639 3213 675 3276 in
705 3232 820 3276 eorum
848 3212 972 3289 locum,
1008 3233 1028 3277 a
1056 3212 1180 3293 quibus
1214 3212 1279 3278 sibi

305 3319 401 3385 liberi
423 3321 608 3397 tradantur,
632 3319 806 3384 existimet.
855 3320 930 3402 lpse
960 3339 1020 3384 nec
1048 3319 1172 3384 lrabeat
1200 3320 1280 3385 vitia

307 3448 367 3492 nec
392 3429 487 3492 ferat.
513 3427 588 3492 Non
610 3427 785 3490 austeritas
802 3427 872 3491 eius
890 3426 1006 3505 tristis,
1031 3446 1099 3490 non
1115 3426 1281 3491 dissoluta

307 3534 349 3599 sit
365 3535 513 3613 comitas
530 3554 571 3599 ne
589 3535 666 3599 inde
682 3534 805 3613 odium,
824 3533 900 3599 hinc
917 3536 1129 3615 contemptus
1142 3533 1279 3600 oriatur.

308 3643 475 3707 Plurimus
505 3641 534 3706 ei
565 3642 606 3705 de
635 3642 776 3705 honesto
805 3661 843 3705 ac
871 3643 960 3706 bono
984 3660 1093 3705 sermo
1117 3641 1162 3705 sit
1193 3640 1280 3706 Nam

308 3770 372 3832 quo
389 3748 523 3832 saepius
540 3749 718 3825 monuerit,
735 3748 797 3812 hoc
815 3749 920 3814 rarius
937 3748 1119 3830 castigabit.
1144 3748 1281 3812 Minime

308 3857 499 3935 iracundus,
512 3875 579 3920 non
593 3860 705 3921 tamen
718 3875 842 3931 eorum,
855 3875 941 3937 quae
954 3855 1162 3919 emendanda
1170 3858 1282 3933 erunt,

219 3964 264 4034 40
309 3964 545 4043 dissimulator,
571 3963 712 4045 simplex
735 3963 770 4026 in
795 3963 955 4040 docendo,
985 3963 1116 4045 patiens
1146 3961 1281 4040 laboris

310 4071 464 4137 assiduus
488 4071 610 4153 potius,
636 4090 737 4153 quam
761 4070 968 4149 immodicus,
997 4069 1281 4150 interrogantibus

309 4178 453 4246 libenter
476 4178 687 4259 respondeat,
711 4196 778 4243 non
802 4177 1041 4259 interrogantes
1065 4178 1282 4259 percontetur
