2632 4718
623 709 842 774 -50-

309 888 411 954 Nulla
434 887 556 970 quibus
580 907 642 970 per
664 907 700 953 se
724 886 889 954 nobiliora
912 888 1037 953 tenent.

265 994 381 1060 Alfixit
404 1014 542 1077 pennae,
566 993 651 1060 coeli
673 994 797 1077 quibus
819 997 911 1059 astra
933 997 1088 1076 petamus

310 1101 504 1166 Subiectam
528 1101 729 1184 etpedibus
754 1100 976 1184 despiciamus
1000 1103 1149 1167 humum.

199 1209 240 1273 55
266 1207 468 1291 Compositis
492 1208 641 1288 placidas
666 1207 838 1272 coniunxit
862 1209 991 1291 legibus
1014 1208 1124 1287 urbes,

308 1315 358 1379 Ex
381 1315 553 1379 hominum
577 1317 674 1379 coetu
700 1314 831 1397 depulit
853 1334 951 1379 omne
975 1316 1094 1379 scelus.

265 1420 431 1486 Discussit
454 1420 605 1485 tenebris
628 1421 748 1501 lucem,
773 1421 913 1486 secrevit
939 1422 1088 1486 honestis

309 1527 454 1610 Turpia3
479 1546 547 1610 quo
562 1526 670 1592 virtus
694 1527 844 1606 duceret,
868 1527 1051 1592 admonuit.

268 1635 408 1698 Vincere
432 1635 600 1698 fortunam
625 1634 737 1698 docuit
761 1633 894 1716 rituque
919 1633 1023 1699 lerino

199 1742 242 1805 60
312 1739 511 1805 Posthabito
535 1759 695 1822 superum
718 1739 830 1806 mollia
853 1741 945 1805 iussa
968 1739 1073 1823 sequi.

266 1846 294 1910 Ο
319 1865 412 1910 sacer
436 1849 469 1910 et
493 1865 587 1912 sacro
610 1848 712 1911 cantu
737 1846 952 1929 dignissimus
976 1846 1084 1921 heros,

308 1954 396 2018 Vera
418 1953 509 2017 lovis
533 1952 668 2017 suboles
691 1953 951 2035 aethereumque
975 1972 1091 2035 genus,

265 2058 373 2136 Quam
397 2058 542 2124 beneda
560 2058 655 2123 nobis
673 2058 825 2139 meritus,
850 2078 949 2142 quam
966 2079 1105 2124 munere
1121 2059 1263 2143 pulchro

310 2164 489 2230 Coelicolis
513 2166 665 2230 homines
689 2165 858 2248 praestitit
881 2186 955 2230 esse
979 2166 1091 2248 pares!

714 2485 749 2548 V.

197 2622 261 2693 Ad
284 2623 559 2703 Timannum¹l
582 2621 859 2710 philosophiae
889 2626 929 2691 et
952 2621 1038 2691 ludi
1061 2621 1263 2691 Monaste·

527 2729 669 2799 riensis
692 2729 935 2817 magistrum.

408 2853 456 2923 In
478 2853 737 2942 praeconium
760 2852 1048 2941 philosophiae.

223 3019 235 3079 1
263 3017 348 3081 Vilia
372 3015 510 3079 miretur
535 3018 652 3096 vulgus
676 3014 890 3097 pretiumque
915 3013 1049 3077 caducis

309 3122 498 3187 Constituat
523 3123 633 3198 rebus,
657 3121 771 3185 intima
795 3141 925 3185 summa
948 3123 1057 3202 pulch

265 3229 432 3312 Suspiciat
455 3227 553 3310 Tyrio
578 3229 782 3292 rubicundas
806 3227 930 3291 murice
954 3229 1074 3304 vestes,

310 3336 436 3399 Lucida
459 3334 643 3416 gemmiferi
667 3354 807 3398 munera
831 3333 953 3413 (larrgis
978 3334 1081 3409 amet3

220 3443 239 3504 5
264 3441 482 3505 Commendet
506 3440 604 3505 Pario
630 3442 745 3504 ductas
770 3441 811 3504 de
835 3460 1000 3504 marmore
1024 3438 1129 3511 villas,

314 3547 458 3611 Extollat
482 3545 633 3627 Libyci‘2)
657 3546 769 3611 nobile
793 3547 902 3610 dentis
927 3565 1027 3627 opus;

268 3653 397 3718 Laudet
420 3651 584 3732 Aminei3)
610 3653 804 3717 suavissima
827 3652 948 3734 pocula
971 3650 1104 3727 Bacchi,

307 3757 456 3824 Sollicita
480 3758 594 3821 dulces
620 3762 792 3840 comparet
816 3762 888 3823 arte
913 3758 1016 3833 cibos
1037 3795 1071 3803 —

262 3864 469 3930 Admiranda
493 3863 609 3946 nequit
633 3884 708 3927 rere
732 3865 828 3946 plebs
851 3884 999 3943 cernere,
1026 3883 1169 3946 namque

199 3976 239 4038 10
307 3971 469 4054 l'ulgares
493 3970 607 4034 oculos
631 3970 754 4034 mobile
779 3973 897 4053 vulgus
920 3971 1030 4034 habet.

262 4078 327 4157 Qui
351 4076 448 4142 claris
472 4077 574 4141 animi
598 4080 740 4157 possunt
764 4078 875 4142 diviua
898 4079 984 4141 tucri

309 4183 516 4261 Luminibu5‚
541 4185 659 4247 curant
683 4184 740 4247 illa
763 4185 888 4248 caduca
914 4183 1010 4262 nihil;

261 4291 413 4356 Illustres
438 4288 577 4371 sophiae
603 4291 732 4353 fructus
758 4294 790 4353 ct
814 4309 953 4354 munera
977 4291 1140 4371 spectant,
