2632 4718
628 691 850 766 ..8ο-

317 876 486 942 Ausoniae
509 879 613 943 Varro
621 877 647 962 ³)
671 877 760 943 tama
783 879 951 961 decusque
973 880 1078 960 togae.

274 985 451 1050 Nascendo
475 984 632 1066 moritur;
656 985 711 1050 vix
735 987 815 1051 dum
839 987 1013 1051 florescere
1036 985 1156 1069 coepit,

210 1095 249 1158 10
317 1093 449 1158 Arescit
472 1093 613 1159 miserae
637 1093 838 1158 conditionis
862 1095 971 1160 homo.

274 1199 398 1276 Infans,
421 1199 499 1264 inde
524 1218 619 1283 puer,
643 1199 767 1287 virides
791 1201 952 1267 adolescit
975 1200 1010 1264 in
1035 1221 1150 1278 annos

317 1307 393 1372 Mox
416 1306 555 1383 iuvenis,
579 1306 646 1372 iam
669 1307 730 1386 vir,
754 1307 858 1391 litque
883 1311 1024 1390 repente
1048 1327 1160 1372 sonex.

273 1412 320 1478 At
343 1415 422 1478 suut
443 1413 620 1490 innumeri,
645 1433 730 1496 quos
754 1434 843 1480 mors
867 1415 1035 1497 abrumpit
1061 1416 1191 1492 acerba,

318 1519 466 1585 Canities
490 1538 583 1585 raros
606 1519 710 1585 inficit
733 1521 810 1585 alba
833 1519 930 1604 pilos.

209 1627 249 1689 15
273 1625 386 1691 lntluit
409 1628 445 1691 in
469 1627 615 1691 Pontum
638 1627 770 1709 gemino
794 1627 953 1692 distincta
976 1645 1095 1708 sapore

319 1733 416 1798 Unda
440 1731 634 1818 Hypanis,⁴)
657 1732 800 1816 primum
824 1733 941 1811 duleis,
965 1752 1079 1798 amara
1103 1737 1202 1798 retro.

273 1839 437 1904 Fluminis
460 1838 558 1904 huius
582 1839 679 1922 aquis
704 1859 771 1904 una
793 1860 879 1922 quae
904 1841 979 1905 luce
1004 1840 1168 1912 truantur,

319 1945 418 2010 Nasci
441 1945 601 2011 bestiolas
625 1945 741 2010 scribit
764 1945 1002 2025 Aristotelesi)

272 2052 322 2117 Ex
345 2051 397 2116 his
421 2055 539 2117 octava
562 2072 648 2134 quae
671 2053 776 2118 vitam
799 2053 952 2117 clauserit
976 2054 1067 2128 hora,

207 2160 250 2223 '20
319 2160 501 2223 Proiectae
526 2157 644 2224 aetatis
667 2158 736 2224 fata
760 2159 892 2224 subisse
918 2160 1026 2224 datur.

274 2264 362 2329 Solis
386 2266 429 2329 ad
452 2285 606 2330 occasum
630 2267 740 2347 potuit
763 2286 849 2348 quae
872 2267 992 2344 vivere,
1017 2268 1123 2331 fertur·

320 2371 497 2454 Decrepita
521 2373 556 2435 et
579 2373 678 2455 plene
701 2374 851 2456 tempore
876 2373 991 2437 iuncta
1014 2393 1084 2436 suo.

274 2477 430 2542 Aeternis
455 2479 626 2542 hominum
651 2479 842 2562 longissima
865 2479 1037 2562 quaelibet
1061 2481 1153 2542 aetas

318 2585 354 2650 Si
377 2587 596 2667 componatur
619 2585 862 2668 perpetuisque
886 2587 996 2662 moria,

208 2694 249 2756 25
275 2692 313 2755 ln
338 2691 437 2756 simili
461 2689 564 2756 ferme
588 2692 654 2756 iam
678 2713 739 2756 nos
762 2693 925 2757 brevitate
949 2692 1089 2768 videbis,

319 2797 393 2876 Qua
417 2800 495 2863 sunt
518 2797 692 2874 bestiolae,
717 2819 801 2881 quas
825 2799 1017 2863 meminisse
1042 2800 1147 2864 decet.

277 2903 341 2983 Qui
365 2904 424 2969 tibi
451 2905 629 2987 longaevae
654 2905 821 2988 promittis
845 2910 997 2987 tempora
1021 2905 1117 2979 vitae,

319 3011 467 3094 Corpore
491 3031 591 3095 quern
615 3012 724 3075 valido
749 3012 835 3076 laeta
859 3012 995 3076 iuventa
1019 3013 1125 3077 soret:

275 3117 326 3181 Ne
350 3117 457 3199 fragili
482 3117 619 3182 nimium
644 3117 791 3183 confidas
815 3119 897 3182 tiore
923 3119 1059 3195 decoris,

209 3227 251 3288 30
319 3223 406 3288 Alba
430 3223 567 3306 ligustra
590 3227 727 3288 monent
750 3244 1006 3307 purpureaeque
1030 3245 1134 3288 rosae.

276 3330 384 3394 Omne
407 3330 500 3394 velut
523 3331 637 3394 fenum
660 3351 781 3413 corpus
805 3351 941 3395 censere
965 3334 1139 3406 memento,

266 3458 271 3465 ·
319 3437 503 3519 Tamquam
528 3438 589 3502 tlos
614 3437 721 3520 campi
747 3437 849 3519 gloria
873 3437 965 3500 cuius
990 3437 1062 3500 erit.

723 3777 759 3839 V.

594 3913 665 3982 De
703 3919 888 3983 morte.

235 4077 246 4138 1
277 4074 412 4152 Discite,
436 4074 603 4153 mortales,
627 4079 775 4139 vestrum
800 4095 997 4156 cognoscere
1022 4066 1153 4152 nomen,

321 4180 455 4245 Credite
478 4200 671 4261 supremum
695 4202 826 4264 semper
850 4183 968 4246 adesse
993 4182 1095 4246 diem!

277 4287 336 4352 Est
360 4287 498 4370 soplriae
522 4307 600 4369 pars
623 4287 732 4370 prima
756 4290 914 4370 frequens
939 4289 1109 4352 meditatio
1135 4288 1259 4366 mortis,
