2632 4718
483 705 699 772 „17-

559 884 629 950 Vll.

466 1024 528 1094 Da
551 1024 723 1094 fortuna

90 1149 159 1218 Ad
181 1147 399 1218 Heni-icum
422 1146 668 1230 Oebarium1)
691 1148 1076 1218 Ruramundensem.

98 1314 109 1375 l
141 1311 250 1374 Crede
274 1310 373 1374 mibi:
398 1309 541 1375 Nostrae
564 1308 721 1390 gaudent,
747 1309 902 1387 Hernica,
928 1310 1105 1387 Camenae,

192 1416 334 1494 Quando
357 1415 407 1480 tui
432 1436 597 1481 memores
621 1414 767 1479 nominis
792 1436 866 1480 esse
891 1415 977 1480 licet.

140 1524 174 1586 ls
198 1526 276 1587 tuus
300 1524 405 1587 exstat
431 1542 535 1595 amor,
560 1521 754 1586 meritorum
780 1523 878 1605 copia
903 1524 997 1587 tanta
1021 1526 1080 1592 est.

194 1629 298 1709 Digna
322 1627 383 1693 tibi
408 1632 444 1692 ut
470 1647 641 1709 nunquam
665 1629 769 1709 gralia
795 1627 900 1709 possit
923 1628 985 1711 agi.

95 1738 118 1799 5
144 1735 185 1809 Ο,
209 1735 376 1817 quotiens,
401 1754 475 1798 cum
499 1754 553 1798 me
577 1754 650 1798 sors
675 1733 828 1816 improba
852 1735 1070 1807 destituisset¹

194 1840 306 1904 Dulcis
330 1840 447 1917 amice,
471 1823 530 1904 tua
554 1859 628 1903 sum
654 1840 821 1903 relevatus
845 1841 926 1922 ope!

142 1947 243 2010 Haud
268 1966 366 2010 secus
390 1966 428 2009 ac
452 1945 592 2010 tumidis
617 1946 645 2009 si
663 1945 844 2028 naufragus
869 1947 996 2009 innatat
1023 1947 1131 2023 undis,

195 2053 237 2117 Ni
260 2053 347 2116 levet
370 2053 459 2116 hunc
482 2053 620 2116 veniens
645 2053 738 2116 naris
762 2051 877 2129 amica,
902 2052 999 2133 perit,

143 2159 330 2240 Ambiguae
354 2160 491 2223 memini
516 2159 660 2222 subiisse
684 2159 833 2241 pericula
856 2159 945 2222 ritae

81 2268 123 2330 10
193 2265 427 2347 Auspiciisque
450 2265 515 2328 tuis
539 2264 726 2328 exseruisse
751 2267 860 2347 caput

145 2372 245 2435 Ludit
269 2373 304 2436 in
330 2372 483 2436 humanis
508 2373 641 2437 fortuna
665 2371 832 2436 levissima
856 2372 967 2450 rebus,

198 2479 291 2556 Quae
314 2479 412 2543 modo
436 2498 566 2542 summa
589 2478 722 2559 premit,
747 2478 899 2541 sublevat
924 2477 990 2540 ima
1014 2478 1122 2541 modo.

147 2583 202 2648 Nil
226 2583 433 2660 mutabilius
458 2583 540 2647 nihil
565 2588 614 2647 cst
640 2582 798 2647 incertius
824 2583 889 2662 illa,

200 2691 340 2773 Semper
363 2692 453 2754 amat
475 2688 567 2763 verti,
592 2688 706 2753 fallere
731 2709 862 2770 semper
887 2693 986 2752 amat.

86 2799 128 2862 15
155 2798 339 2880 Propterea
363 2794 537 2880 quidaml)
558 2795 663 2859 fertur
687 2794 835 2877 pinxisse
859 2796 1043 2870 sedentem,

199 2902 365 2986 Tempore
388 2903 478 2984 quod
503 2902 632 2966 modico
656 2905 742 2965 stare
766 2903 912 2983 superba
936 2902 1064 2982 nequit.

150 3009 216 3086 Qui
240 3009 349 3073 fuerat
372 3008 501 3090 pridem
526 3008 625 3089 Tyrio
649 3007 843 3089 spectabilis
868 3010 968 3080 ostro,

201 3115 261 3180 Vix
285 3135 354 3197 quo
378 3115 535 3179 defendat
559 3116 690 3196 frigora,
716 3117 848 3193 tamnen
872 3115 983 3177 babet.

149 3221 262 3286 Aurea
286 3222 344 3304 qui
369 3220 468 3285 coluit
494 3221 664 3303 quondam
688 3221 813 3302 palatia
838 3220 940 3297 dives,

87 3332 131 3392 ‘20
201 3329 298 3392 Nunc
322 3327 565 3392 conducticimn
590 3328 642 3391 rix
667 3328 768 3391 babet
792 3328 847 3391 ille
872 3327 1015 3389 domum.

151 3434 312 3518 Imposuit
335 3434 448 3498 citreis
472 3437 612 3500 centum,
632 3435 688 3514 qui
714 3434 838 3498 fercula
862 3432 997 3510 mensis,

203 3541 316 3607 Oblita
341 3541 506 3606 mendicat
529 3539 680 3622 supplice
704 3545 816 3603 crusta
840 3559 952 3603 manu.

155 3648 237 3724 Quis
253 3649 369 3724 nescit,
383 3648 533 3713 Siculum
550 3649 625 3728 post
643 3647 746 3727 impia
774 3648 907 3727 sceptra
932 3643 1139 3726 tyrannum)

209 3755 246 3818 ln
270 3754 367 3818 tririo
390 3774 513 3837 pueros
537 3753 723 3817 instituisse
748 3752 872 3817 rudes?

92 3864 133 3924 25
159 3861 313 3935 Croesus,
339 3860 396 3943 qui
423 3861 531 3924 tuerat
556 3860 646 3940 Lydo
672 3859 858 3922 ditissimus
883 3878 974 3933 auro,

205 3966 380 4048 'frausegit
404 3967 542 4030 miseros
567 3968 686 4047 captus
711 3966 753 4028 ab
777 3967 872 4028 hoste
898 3964 978 4026 dies.

155 4073 292 4153 Magnus
316 4072 552 4157 Alexarrder²⁴)‚
578 4075 668 4134 totus
693 4071 746 4134 cui
771 4070 882 4153 paruit
905 4070 1007 4143 orbis

206 4179 405 4243 Arcadicum
431 4178 521 4241 rirus
546 4198 611 4241 nnn
638 4179 710 4240 sine
736 4177 843 4239 morte
867 4176 962 4238 bibit.

145 4285 204 4348 Cui
229 4306 294 4350 nnn
319 4287 390 4349 risa
415 4284 477 4348 suit
502 4284 634 4347 fortuna
659 4284 844 4360 Polycratis
869 4282 1003 4363 arnpla?

931 4391 950 4427 ι)
