2632 4718
607 702 827 771 -ot-

292 883 411 949 Abluit
435 884 516 949 haec
540 883 656 948 sordes
680 901 834 966 puraque
858 883 958 949 corda
982 884 1070 948 lacit.

250 991 454 1072 Corporibus
477 991 571 1057 tenui
596 991 763 1074 spiramus
787 991 822 1055 in
846 999 923 1056 aere
946 991 1047 1064 sanis,

295 1097 431 1162 Halitus
456 1097 533 1162 hinc
556 1097 656 1162 nobis
679 1097 788 1162 mollis
812 1098 847 1160 et
870 1117 952 1162 aura
975 1096 1075 1161 venit.

249 1203 347 1286 ignis,
366 1220 471 1286 quem
495 1224 652 1287 magnum
677 1202 828 1287 rapuisse
852 1205 1049 1268 Promethea
1074 1202 1197 1279 dicunt,

184 1312 227 1375 20
296 1311 360 1375 Dat
383 1310 492 1376 varios
517 1330 608 1383 usus,
631 1309 750 1392 frigida
775 1311 923 1375 membra
946 1309 1046 1374 foret.

252 1416 323 1481 Hoc
346 1415 418 1481 sine
441 1416 576 1482 vitalem
601 1417 676 1498 quis
700 1417 807 1499 possit
830 1417 951 1481 ducere
974 1415 1097 1481 ritum?

299 1522 371 1587 Hoc
394 1522 467 1586 sine
491 1522 568 1607 quis
592 1523 717 1605 rigidas
741 1541 941 1604 exsuperare
965 1522 1080 1587 nivosi

252 1629 408 1694 Miremur
432 1648 552 1709 regem,
576 1629 634 1712 qui
659 1631 826 1713 temperat
849 1629 961 1695 omniu
984 1630 1073 1694 iusto

297 1735 434 1812 Ordine,
458 1734 515 1818 qui
539 1735 637 1801 nobis
660 1756 800 1802 munera
823 1739 917 1801 tanta
940 1736 1045 1801 dedit!

675 2073 763 2138 XIII.

499 2213 565 2283 De·
583 2213 754 2283 utilitate
777 2213 938 2302 speculi.

214 2377 226 2439 l
256 2373 379 2438 Discite
403 2374 569 2448 mortales,
594 2373 768 2456 speculum
791 2393 876 2456 qnos
899 2375 1058 2456 praebeat
1082 2394 1172 2443 usus.

300 2480 372 2557 Quo
397 2496 458 2543 sua
481 2478 624 2561 quisque
647 2479 763 2544 ridens
787 2499 846 2544 ora
870 2482 989 2544 notare
1015 2481 1145 2562 potest!

255 2586 440 2651 Admonuit
464 2584 599 2668 sapiens
623 2584 761 2650 iuvenes
784 2587 847 2650 hoc
870 2586 1036 2666 Atticus¹)
1062 2588 1120 2664 uti,

303 2692 446 2756 Carcere
469 2711 571 2774 quem
595 2693 704 2756 taetro
730 2692 801 2757 dira
825 2692 936 2758 cicuta
959 2698 1064 2758 necat.

214 2802 232 2863 5
258 2798 345 2863 Hinc
369 2798 469 2862 homo
493 2818 528 2862 se
552 2818 729 2880 moresque
752 2819 831 2863 suos
855 2818 1053 2880 cognoscere
1077 2799 1173 2862 discit

304 2905 416 2988 Atque
441 2906 577 2970 modum
601 2905 688 2969 ritae
712 2905 956 2987 consiliumque.
980 2909 1089 2988 parat3

264 3013 454 3090 Formosus,
477 3012 567 3093 turpi
594 3032 635 3075 ne
659 3012 760 3076 vitam
785 3011 924 3076 crimine
947 3011 1066 3091 toedet,

303 3118 444 3182 Sordida
467 3137 510 3181 ne
534 3119 675 3198 pulchra
699 3118 761 3181 sub
786 3121 861 3181 cute
886 3121 1035 3183 monstra
1060 3120 1165 3199 tegut3

259 3224 431 3299 Deformis,
457 3223 574 3288 nitidis
599 3226 636 3288 ut
660 3223 786 3288 formae
811 3224 930 3288 damna
952 3224 1115 3306 rependat

197 3333 237 3395 10
304 3330 442 3394 Artibus
467 3333 500 3394 et
523 3331 614 3395 culto
638 3331 816 3413 splendeat
840 3330 982 3412 ingenio.

260 3436 364 3500 Discit
388 3437 582 3502 adolescens
606 3438 704 3503 annis
728 3437 926 3501 florentibus
950 3439 998 3502 uti

305 3543 354 3606 ric
377 3544 502 3608 solidas
527 3544 629 3609 animi
655 3546 788 3627 quaerit
813 3548 846 3609 ot
870 3547 969 3626 auget
993 3564 1083 3626 opes.

263 3649 391 3731 Spurca
416 3670 518 3714 senex
543 3650 624 3714 ritia
648 3651 689 3715 nd
713 3670 814 3715 canos
839 3651 1007 3733 deponere
1030 3653 1125 3715 curat

307 3755 436 3839 Cogitat
463 3760 495 3821 et
519 3757 648 3820 tristem
673 3757 788 3822 mortis
812 3759 929 3822 adesse
953 3758 1052 3821 diem.

198 3862 237 3924 15
263 3861 329 3924 Cur
352 3863 460 3943 potius
485 3863 615 3939 calices
640 3884 699 3927 cur
723 3863 828 3927 vitrea
852 3864 972 3946 pocula
995 3861 1106 3936 vultis,

308 3968 392 4031 Curn
417 3970 551 4050 specula
574 3976 609 4034 et
632 3970 726 4034 robis
751 3970 817 4033 sint
840 3969 1041 4051 adhibenda,
1079 3969 1150 4045 riri,

264 4074 339 4137 Non
363 4080 400 4137 ut
424 4074 558 4154 possitis
583 4076 710 4157 crispos
734 4095 932 4158 componere
957 4074 1075 4148 crines,

308 4180 374 4243 Sed
399 4200 507 4245 mores
531 4182 641 4245 urrimo
666 4181 842 4245 conciliare
865 4180 994 4244 bonos?
