2632 4718
514 662 734 739 ,77-

180 849 302 915 Petrus
323 848 495 934 Aquensis
506 848 549 931 ²⁰)
573 850 639 934 agit
663 851 739 917 dira
761 871 837 918 cum
861 852 997 918 Pallade
1020 853 1124 918 uitam

224 955 266 1020 Et
289 955 427 1040 sophiae
450 974 535 1038 puro
558 976 698 1023 munera
721 959 821 1024 corde
845 957 944 1023 fovet.

179 1061 255 1126 Non
278 1062 363 1128 tanti
386 1061 514 1128 fulvum
537 1065 633 1129 curat
656 1063 834 1148 Morlagius
842 1064 886 1150 21)
909 1084 1037 1141 nurum,

111 1168 157 1231 90
224 1167 348 1246 Quanti
373 1167 543 1235 doctrinas
566 1168 720 1235 aestimat
742 1173 843 1254 atque
867 1170 980 1236 libros.

181 1273 291 1339 Huius
313 1274 457 1341 Ioannes
482 1294 548 1340 non
571 1275 801 1362 lserlonius‘n)
823 1297 942 1359 expers

226 1379 349 1446 Laudis
372 1381 448 1460 erit,
471 1400 566 1446 sacra
590 1381 760 1465 relligione
784 1383 870 1466 pius.

181 1487 359 1552 Montanus
382 1488 490 1552 cultos
514 1486 705 1574 lacobus‘u)
728 1490 871 1555 condere
895 1510 1012 1555 versus

224 1594 364 1670 Gaudet,
387 1593 584 1676 Apollineae
608 1595 716 1661 laetus
740 1595 863 1661 honore
888 1597 987 1674 lyrae.

110 1703 155 1764 95
181 1699 293 1766 Floret
316 1700 459 1779 loannes
483 1699 697 1787 Rotgerusit)
719 1702 884 1784 doctaque
909 1705 1032 1777 rutrum,

225 1805 391 1891 Calliopes
414 1807 534 1883 cultor,
557 1807 705 1872 carmina
728 1808 845 1873 doctus
869 1811 967 1872 amat.

182 1912 301 1977 Clarus
322 1911 550 1998 savinense),
574 1913 683 1979 clarus
708 1914 932 1996 Per-inglusu)
957 1936 1023 1979 una

226 2018 344 2085 ldilitia
367 2039 497 2085 mecum
521 2039 589 2084 non
613 2021 685 2085 sine
709 2021 807 2086 lande
830 2024 971 2085 merent.

183 2125 227 2189 Hi
250 2145 305 2191 me
329 2125 450 2191 Pieriis
473 2127 641 2193 oblectant
664 2128 828 2205 cantibus,
853 2128 971 2193 horum

93 2234 159 2297 ¹00
227 2233 354 2298 Doctus
377 2232 574 2298 Aristoteles
599 2232 710 2299 lucida
732 2236 833 2299 corda
858 2234 958 2298 iovet.

72 2378 76 2384 -
182 2340 234 2403 lle
257 2358 402 2422 quoque,
427 2341 461 2404 ni
484 2340 589 2417 fallor,
613 2341 762 2423 vulgabit
785 2341 916 2422 garrula
939 2340 1038 2418 iarun,

227 2444 297 2509 Nec
320 2448 471 2512 metuent
494 2447 620 2511 blattas
643 2446 792 2511 carmina
815 2451 929 2512 nostru
953 2451 1073 2511 truces

605 2782 647 2846 ll.

186 2920 247 2992 De
271 2920 483 2992 duodecim
506 2920 627 2992 armis
650 2920 867 3009 spiritualis
890 2934 1058 3009 pugnae.

115 3086 128 3145 1
158 3082 300 3160 Quando
324 3083 416 3148 subit
439 3085 583 3148 mentem
607 3083 769 3165 peccandi
794 3082 865 3146 dira
891 3082 1003 3161 libido,

203 3188 370 3255 Continuo
393 3189 445 3255 bis
468 3211 527 3254 sex
549 3208 643 3253 arma
666 3190 819 3272 capessat
841 3188 950 3253 bomo.

158 3294 265 3372 Quam
296 3296 423 3373 brevis,
451 3298 619 3373 attendat,
655 3316 755 3378 quam
784 3296 827 3359 sit
856 3314 988 3377 quoquo
1017 3316 1120 3378 parra

856 3402 1022 3484 voluptas,

201 3506 307 3577 Cuius
330 3512 409 3573 sunt
432 3511 569 3574 comites
594 3507 742 3575 taedium
766 3510 799 3572 et
821 3507 979 3573 anxietas

115 3616 135 3677 5
160 3613 294 3680 ttaioris
317 3614 446 3681 iactura
468 3615 547 3681 boni
569 3618 730 3699 pensetur
754 3615 872 3691 eidem,

203 3721 279 3787 Vita
302 3722 392 3787 uelut
417 3708 539 3788 tenuis¹
553 3742 690 3789 somnus
716 3722 749 3785 et
772 3723 891 3786 umbra
913 3720 1021 3803 fugax.

159 3824 287 3909 Cogitet
309 3827 490 3894 instantem
513 3848 574 3911 per
598 3828 688 3893 mille
712 3827 861 3911 pericula
883 3811 1056 3903 mortem,¹

203 3932 296 4010 Quae
319 3936 443 4001 multos
467 3936 588 4000 subitis
612 3936 781 4018 opprimat
804 3933 940 3998 insidiis.

159 4038 389 4123 Suspicionem
414 4043 543 4119 habeut,
568 4062 603 4106 se
627 4041 869 4124 contempsisse
893 4039 1038 4121 benigni,

95 4144 137 4206 10
204 4147 301 4223 Quod
325 4168 392 4212 non
415 4150 597 4231 poeniteat,
622 4149 734 4214 mollia
758 4146 846 4210 iussa
870 4144 933 4211 dei.

161 4250 302 4318 Maxima
325 4253 509 4338 prospiciat
533 4256 685 4320 coelestis
709 4251 858 4337 praemia
881 4252 968 4316 virae

1165 4346 1240 4472 Ι
