2632 4718
523 724 744 788 -43-

95 903 141 964 20
209 899 381 965 iactabant
407 919 554 964 summas
578 900 708 981 singula
731 899 873 964 divitias.

166 1006 331 1089 Apposita
354 1008 406 1070 est
429 1005 544 1070 nitidis
567 1005 824 1089 exquisitissima
848 1024 964 1068 mensa

213 1113 367 1177 Cuttibus
391 1115 425 1177 ot
448 1112 613 1195 quidquid
636 1112 738 1178 corda
760 1112 875 1176 iuvare
899 1112 1019 1193 potest.

95 1232 98 1237 ·
167 1218 291 1282 Tristia
315 1222 388 1283 ium
412 1218 555 1284 Croesus
579 1237 759 1286 conversus
783 1219 825 1281 ad
848 1216 990 1299 hospitis
1013 1236 1086 1279 om:

215 1325 387 1407 „Ecquis“‚
411 1324 465 1401 ait,
493 1324 592 1405 „folin
615 1324 759 1408 amplius
783 1344 856 1389 osse
880 1323 1034 1405 potest?“

97 1435 141 1495 ‘25
168 1431 230 1494 Cui
253 1431 387 1513 sapiens
410 1430 569 1514 graviter:
601 1430 777 1510 „Vivorum
800 1449 898 1494 nemo
922 1429 1049 1506 beatus,

213 1537 384 1602 Instabilis
407 1557 479 1603 sors
504 1539 565 1613 est,
588 1535 702 1601 omnia
723 1536 792 1602 fata
814 1539 936 1600 rotant.

170 1642 318 1708 Plurima
341 1643 489 1727 quotidie
513 1643 632 1720 cornia,
656 1662 744 1725 quae
768 1662 903 1707 eernere
928 1642 1043 1720 nolles,

213 1749 256 1813 Et
278 1768 356 1813 oum
378 1749 552 1830 possideas
576 1747 727 1827 maxima,
750 1749 849 1833 plura
872 1748 977 1831 cupis.

169 1855 248 1932 Neo,
272 1854 354 1919 mihi
378 1857 483 1932 crede,
507 1855 574 1919 tuis
598 1857 803 1938 respondent
827 1855 939 1919 omnia
962 1853 1057 1929 votis,

100 1966 146 2028 30
213 1961 407 2027 Obveniunt
430 1961 530 2026 variis
554 1980 674 2044 aspera
696 1962 801 2027 multa
826 1961 916 2026 loeis.

168 2068 206 2133 Si
228 2068 328 2152 sapis
351 2068 492 2133 absistas
516 2068 693 2134 memorari
713 2066 798 2133 valle
821 2070 950 2143 boatus,

212 2175 298 2239 Dum
320 2175 384 2239 sub
407 2174 560 2239 fortunae
585 2174 769 2240 mobilitate
793 2176 912 2239 iaces.“

168 2282 277 2359 Quam
300 2283 413 2345 certus
436 2279 539 2347 fuerit
561 2282 654 2346 vates
677 2280 878 2346 Salaminius
903 2280 1009 2356 horos,

213 2387 330 2452 Exitus
352 2386 509 2465 ostendit,
534 2390 624 2453 sorte
649 2390 800 2452 movente
824 2388 922 2458 vicos.

100 2498 142 2561 35
168 2494 312 2572 Quando
334 2494 435 2557 miser
460 2493 615 2566 Croesus,
640 2513 740 2575 regno
763 2494 925 2576 spoliatus
950 2497 1097 2567 etauio,

213 2601 338 2665 Debuit
362 2600 535 2665 ardentem
558 2599 653 2664 vivus
677 2599 758 2664 iniro
782 2618 906 2682 pyram.
