2632 4718
544 744 784 807 -101-

599 953 727 1018 CXXII.

419 1090 634 1161 Murmellii
658 1093 911 1182 epigramma.

258 1252 344 1314 Dum
369 1253 477 1330 datur,
501 1274 521 1317 o
545 1253 693 1329 iuvenes,
718 1258 827 1320 rarIas
851 1256 988 1322 ediscite
1013 1257 1142 1340 linguas

314 1357 540 1440 Certatimque
565 1360 669 1424 saeris
692 1361 864 1443 invigilate
888 1362 999 1442 libris;

257 1461 462 1545 Μικρόλογον
483 1467 604 1546 σοφίαν
627 1467 848 1548 liuguaequae
870 1467 1047 1549 relinquite
1063 1468 1198 1551 bellum,

311 1570 526 1635 Sacramenta
550 1571 604 1634 dei
628 1592 726 1637 nemo
750 1571 898 1655 sophista
921 1573 1030 1655 capit!

591 1832 734 1897 CXXIII.

383 1991 431 2059 In
453 1989 678 2061 illitteratos
702 1991 942 2062 sacerdotes.

124 2112 333 2203 Philippus
357 2113 577 2183 Beroaldus
599 2113 642 2182 in
664 2113 718 2184 IV
738 2115 1024 2185 commentario
1048 2116 1197 2186 Tuscu-

398 2219 581 2289 lanarum
604 2219 895 2308 quaestionum.
907 2222 933 2306 1)

330 2398 417 2463 Illud
452 2399 651 2478 notandum,
688 2399 778 2481 quod
812 2417 947 2463 caecum
984 2399 1106 2463 animal
1141 2399 1197 2464 ille

241 2503 359 2569 offerre
383 2504 505 2568 dicitur
534 2505 611 2583 deo,
642 2505 699 2586 qui
730 2503 862 2568 ordinat
892 2504 1072 2568 indoctum.
1120 2504 1194 2582 Quo

239 2610 320 2675 vitio
345 2610 474 2675 nullum
498 2611 629 2676 foedius
654 2613 721 2687 est,
752 2611 893 2674 maxime
916 2609 950 2673 in
975 2608 1137 2691 religiosis
1161 2612 1195 2674 et

238 2715 426 2797 religiosam
443 2717 626 2780 doctrinam
644 2715 966 2780 admInistrantibus.
991 2716 1195 2798 Ignorantia,

171 2825 190 2887 5
238 2821 346 2904 inquit
360 2822 468 2907 Leol),
481 2821 507 2886 si
526 2823 561 2886 in
578 2821 669 2887 laicis
682 2822 812 2887 videtur
827 2821 1054 2900 intolerabilis,
1068 2823 1194 2903 quanto

235 2929 492 3008 magistrtus,
523 2930 580 3012 qui
606 2931 783 3010 praesunt,
814 2948 875 2992 nec
906 2927 1119 2992 excusatione
1143 2928 1196 2991 est

238 3035 337 3116 digna
361 3055 422 3099 nec
437 3035 548 3100 veniat
588 3035 686 3100 Nunc
702 3035 891 3099 sacerdotes
912 3034 1018 3097 nostri
1036 3032 1196 3116 temporis

237 3160 298 3223 pro
327 3140 490 3206 Psalterio
524 3140 684 3205 Daridico
719 3142 845 3205 canunt
879 3140 1019 3220 erotica,
1054 3139 1116 3203 hoc
1145 3141 1196 3203 est

239 3246 410 3325 amatoria,
434 3267 495 3330 pro
520 3246 660 3311 lectione
677 3245 849 3329 Evangelii
866 3246 1008 3310 lusorias
1025 3245 1196 3309 chartulas

153 3354 193 3417 10
239 3352 491 3434 diligentissime
519 3353 711 3430 revolvunt,
741 3371 803 3435 pro
827 3351 1022 3433 Apostolica
1046 3349 1197 3415 doctrina

241 3459 361 3524 callent
385 3461 490 3523 artem
523 3459 744 3523 tesserariam.
791 3458 882 3536 Quos
911 3457 938 3520 si
962 3455 1079 3521 Latine
1103 3454 1195 3537 loqui

237 3565 370 3643 audias,
400 3586 468 3630 non
492 3565 665 3630 Latialiter
696 3565 806 3647 loqui,
839 3564 898 3628 sed
925 3564 1049 3646 pedere
1074 3561 1196 3626 diiudi-

238 3671 338 3736 cabis.
378 3671 442 3749 Qui
459 3672 512 3735 rir
536 3671 601 3736 tria
616 3672 718 3735 rerba
742 3671 878 3752 iungere
895 3669 1009 3733 miseri
1026 3669 1196 3750 poterunt,

238 3777 272 3841 in
289 3797 431 3859 qnorum
457 3778 559 3842 labris
576 3781 707 3843 scatent
731 3775 930 3841 barbarismi
947 3777 981 3839 et
997 3773 1195 3838 soloecismi.

152 3887 191 3948 15
239 3885 343 3948 Doleo
367 3903 497 3948 mecum
521 3884 594 3966 ipse
619 3883 771 3953 subinde,
796 3902 871 3946 cum
896 3880 995 3944 audio
1017 3880 1196 3944 nonnullos

239 3990 359 4055 Latina
382 3991 484 4055 rerba
508 3995 576 4055 tam
601 3991 687 4055 male
716 3988 988 4073 pronuntiantes,
1019 3989 1056 4050 ut
1079 3985 1196 4050 credas

239 4116 295 4160 eos
323 4098 499 4163 barbarIca
527 4101 560 4162 et
591 4115 665 4162 cum
702 4094 843 4160 stridore
876 4092 1068 4160 anhelantia
1096 4091 1197 4158 verba

236 4203 395 4287 proferre.
