<?xml version="1.0" encoding="UTF-8"?>
<!DOCTYPE html PUBLIC "-//W3C//DTD XHTML 1.0 Transitional//EN"
    "http://www.w3.org/TR/xhtml1/DTD/xhtml1-transitional.dtd">
<html xmlns="http://www.w3.org/1999/xhtml" xml:lang="en" lang="en">
 <head>
  <title>
</title>
<meta http-equiv="Content-Type" content="text/html;charset=utf-8" />
  <meta name='ocr-system' content='tesseract 3.04.00' />
  <meta name='ocr-capabilities' content='ocr_page ocr_carea ocr_par ocr_line ocrx_word'/>
</head>
<body>
  <div class='ocr_page' id='page_1' title='image "./ausgewhltewerke00bmgoog_0250.png"; bbox 0 0 2632 4718; ppageno 0'>
   <div class='ocr_carea' id='block_1_1' title="bbox 538 697 777 762">
    <p class='ocr_par' dir='ltr' id='par_1_1' title="bbox 538 697 777 762">
     <span class='ocr_line' id='line_1_1' title="bbox 538 697 777 762; baseline 0 0"><span class='ocrx_word' id='word_1_1' title='bbox 538 697 777 762; x_wconf 90' lang='lat'>-105-</span> 
     </span>
    </p>
   </div>
   <div class='ocr_carea' id='block_1_2' title="bbox 640 875 667 938">
    <p class='ocr_par' dir='ltr' id='par_1_2' title="bbox 640 875 667 938">
     <span class='ocr_line' id='line_1_2' title="bbox 640 875 667 938; baseline 0 0"><span class='ocrx_word' id='word_1_2' title='bbox 640 875 667 938; x_wconf 91' lang='lat' dir='ltr'>V</span> 
     </span>
    </p>
   </div>
   <div class='ocr_carea' id='block_1_3' title="bbox 179 1012 1138 1191">
    <p class='ocr_par' dir='ltr' id='par_1_3' title="bbox 179 1012 1138 1191">
     <span class='ocr_line' id='line_1_3' title="bbox 179 1012 1138 1102; baseline 0.001 -18"><span class='ocrx_word' id='word_1_3' title='bbox 179 1012 242 1084; x_wconf 79' lang='lat' dir='ltr'>Ad</span> <span class='ocrx_word' id='word_1_4' title='bbox 264 1013 430 1085; x_wconf 82' lang='lat' dir='ltr'>fratrem</span> <span class='ocrx_word' id='word_1_5' title='bbox 451 1013 643 1084; x_wconf 79' lang='lat' dir='ltr'>Iacobum</span> <span class='ocrx_word' id='word_1_6' title='bbox 667 1013 963 1102; x_wconf 81' lang='lat' dir='ltr'>Gaudensam1)</span> <span class='ocrx_word' id='word_1_7' title='bbox 988 1014 1138 1085; x_wconf 82' lang='lat' dir='ltr'>ordinis</span> 
     </span>
     <span class='ocr_line' id='line_1_4' title="bbox 516 1119 811 1191; baseline 0 -2"><span class='ocrx_word' id='word_1_8' title='bbox 516 1119 811 1191; x_wconf 83' lang='lat' dir='ltr'>Praedicatorii.</span> 
     </span>
    </p>
   </div>
   <div class='ocr_carea' id='block_1_4' title="bbox 396 1243 917 1315">
    <p class='ocr_par' dir='ltr' id='par_1_4' title="bbox 396 1243 917 1315">
     <span class='ocr_line' id='line_1_5' title="bbox 396 1243 917 1315; baseline 0 0"><span class='ocrx_word' id='word_1_9' title='bbox 396 1244 445 1314; x_wconf 91' lang='lat' dir='ltr'>In</span> <span class='ocrx_word' id='word_1_10' title='bbox 467 1243 699 1315; x_wconf 77' lang='lat' dir='ltr'>sacerdotes</span> <span class='ocrx_word' id='word_1_11' title='bbox 722 1244 917 1315; x_wconf 76' lang='lat' dir='ltr'>indoctos</span> 
     </span>
    </p>
   </div>
   <div class='ocr_carea' id='block_1_5' title="bbox 124 1405 1155 4155">
    <p class='ocr_par' dir='ltr' id='par_1_5' title="bbox 152 1405 1065 1702">
     <span class='ocr_line' id='line_1_6' title="bbox 152 1405 1065 1490; baseline 0.001 -19"><span class='ocrx_word' id='word_1_12' title='bbox 152 1411 170 1471; x_wconf 99' lang='grc'><strong>1</strong></span> <span class='ocrx_word' id='word_1_13' title='bbox 197 1407 293 1486; x_wconf 86' lang='lat' dir='ltr'>Cara,</span> <span class='ocrx_word' id='word_1_14' title='bbox 316 1406 372 1490; x_wconf 91' lang='lat' dir='ltr'>pio</span> <span class='ocrx_word' id='word_1_15' title='bbox 396 1405 464 1472; x_wconf 81' lang='lat' dir='ltr'>rati</span> <span class='ocrx_word' id='word_1_16' title='bbox 488 1405 550 1484; x_wconf 89' lang='lat' dir='ltr'>dic,</span> <span class='ocrx_word' id='word_1_17' title='bbox 575 1426 709 1490; x_wconf 80' lang='lat' dir='ltr'>quaeso,</span> <span class='ocrx_word' id='word_1_18' title='bbox 734 1407 890 1486; x_wconf 83' lang='lat' dir='ltr'>Camena,</span> <span class='ocrx_word' id='word_1_19' title='bbox 912 1407 1065 1485; x_wconf 81' lang='lat' dir='ltr'>sulutem,</span> 
     </span>
     <span class='ocr_line' id='line_1_7' title="bbox 237 1512 989 1597; baseline 0 -19"><span class='ocrx_word' id='word_1_20' title='bbox 237 1512 458 1595; x_wconf 86' lang='lat' dir='ltr'>Gaudiaque</span> <span class='ocrx_word' id='word_1_21' title='bbox 481 1512 592 1595; x_wconf 80' lang='lat' dir='ltr'>genito</span> <span class='ocrx_word' id='word_1_22' title='bbox 616 1513 725 1579; x_wconf 80' lang='lat' dir='ltr'>dulcia</span> <span class='ocrx_word' id='word_1_23' title='bbox 749 1513 863 1578; x_wconf 83' lang='lat' dir='ltr'>Gauda</span> <span class='ocrx_word' id='word_1_24' title='bbox 887 1514 989 1597; x_wconf 75' lang='lat' dir='ltr'>capit,</span> 
     </span>
     <span class='ocr_line' id='line_1_8' title="bbox 191 1619 1048 1702; baseline -0.001 -17"><span class='ocrx_word' id='word_1_25' title='bbox 191 1619 340 1685; x_wconf 88' lang='lat' dir='ltr'>Ulilibus</span> <span class='ocrx_word' id='word_1_26' title='bbox 364 1619 423 1702; x_wconf 93' lang='lat' dir='ltr'>qui</span> <span class='ocrx_word' id='word_1_27' title='bbox 447 1639 509 1684; x_wconf 90' lang='lat' dir='ltr'>nos</span> <span class='ocrx_word' id='word_1_28' title='bbox 532 1620 758 1685; x_wconf 83' lang='lat' dir='ltr'>monumentis</span> <span class='ocrx_word' id='word_1_29' title='bbox 782 1623 882 1702; x_wconf 88' lang='lat' dir='ltr'>atque</span> <span class='ocrx_word' id='word_1_30' title='bbox 907 1623 1048 1702; x_wconf 84' lang='lat' dir='ltr'>nepotes</span> 
     </span>
    </p>

    <p class='ocr_par' dir='ltr' id='par_1_6' title="bbox 124 1725 1155 4155">
     <span class='ocr_line' id='line_1_9' title="bbox 238 1725 847 1808; baseline -0.002 -17"><span class='ocrx_word' id='word_1_31' title='bbox 238 1725 358 1791; x_wconf 79' lang='lat' dir='ltr'><strong>Erudit</strong></span> <span class='ocrx_word' id='word_1_32' title='bbox 381 1728 414 1791; x_wconf 87' lang='lat' dir='ltr'>et</span> <span class='ocrx_word' id='word_1_33' title='bbox 438 1744 531 1791; x_wconf 85' lang='lat' dir='ltr'>sacra</span> <span class='ocrx_word' id='word_1_34' title='bbox 554 1727 724 1808; x_wconf 83' lang='lat' dir='ltr'>relligione</span> <span class='ocrx_word' id='word_1_35' title='bbox 749 1726 847 1807; x_wconf 86' lang='lat' dir='ltr'>nitet;</span> 
     </span>
     <span class='ocr_line' id='line_1_10' title="bbox 148 1832 1039 1916; baseline -0.002 -18"><span class='ocrx_word' id='word_1_36' title='bbox 148 1835 168 1898; x_wconf 86' lang='lat'><strong>5</strong></span> <span class='ocrx_word' id='word_1_37' title='bbox 194 1833 261 1910; x_wconf 87' lang='lat' dir='ltr'>Qui</span> <span class='ocrx_word' id='word_1_38' title='bbox 286 1851 365 1913; x_wconf 90' lang='lat' dir='ltr'>nou,</span> <span class='ocrx_word' id='word_1_39' title='bbox 388 1835 426 1896; x_wconf 82' lang='lat' dir='ltr'>ui</span> <span class='ocrx_word' id='word_1_40' title='bbox 449 1832 545 1897; x_wconf 90' lang='lat' dir='ltr'>mulli</span> <span class='ocrx_word' id='word_1_41' title='bbox 569 1832 760 1916; x_wconf 64' lang='lat' dir='ltr'>populares</span> <span class='ocrx_word' id='word_1_42' title='bbox 784 1833 929 1898; x_wconf 83' lang='lat' dir='ltr'>earmina</span> <span class='ocrx_word' id='word_1_43' title='bbox 952 1834 1039 1898; x_wconf 83' lang='lat' dir='ltr'>ridet</span> 
     </span>
     <span class='ocr_line' id='line_1_11' title="bbox 236 1938 932 2021; baseline 0 -17"><span class='ocrx_word' id='word_1_44' title='bbox 236 1939 307 2004; x_wconf 88' lang='lat' dir='ltr'>Nec</span> <span class='ocrx_word' id='word_1_45' title='bbox 330 1938 446 2004; x_wconf 89' lang='lat' dir='ltr'>rabido</span> <span class='ocrx_word' id='word_1_46' title='bbox 471 1939 576 2004; x_wconf 84' lang='lat' dir='ltr'>cultos</span> <span class='ocrx_word' id='word_1_47' title='bbox 599 1939 728 2021; x_wconf 90' lang='lat' dir='ltr'>impetit</span> <span class='ocrx_word' id='word_1_48' title='bbox 751 1959 809 2004; x_wconf 90' lang='lat' dir='ltr'>ore</span> <span class='ocrx_word' id='word_1_49' title='bbox 832 1939 932 2021; x_wconf 73' lang='lat' dir='ltr'>rime,</span> 
     </span>
     <span class='ocr_line' id='line_1_12' title="bbox 192 2045 1027 2129; baseline -0.001 -20"><span class='ocrx_word' id='word_1_50' title='bbox 192 2046 259 2109; x_wconf 87' lang='lat' dir='ltr'>Sed</span> <span class='ocrx_word' id='word_1_51' title='bbox 283 2046 373 2110; x_wconf 89' lang='lat' dir='ltr'>dolet</span> <span class='ocrx_word' id='word_1_52' title='bbox 395 2045 546 2110; x_wconf 89' lang='lat' dir='ltr'>indoctos</span> <span class='ocrx_word' id='word_1_53' title='bbox 570 2066 681 2110; x_wconf 90' lang='lat' dir='ltr'>rerum</span> <span class='ocrx_word' id='word_1_54' title='bbox 704 2047 903 2129; x_wconf 85' lang='lat' dir='ltr'>plerumque</span> <span class='ocrx_word' id='word_1_55' title='bbox 927 2046 1027 2129; x_wconf 85' lang='lat' dir='ltr'>potiri</span> 
     </span>
     <span class='ocr_line' id='line_1_13' title="bbox 237 2151 945 2236; baseline 0.001 -21"><span class='ocrx_word' id='word_1_56' title='bbox 237 2151 350 2236; x_wconf 87' lang='lat' dir='ltr'>Atque</span> <span class='ocrx_word' id='word_1_57' title='bbox 373 2154 422 2216; x_wconf 81' lang='lat' dir='ltr'>rot</span> <span class='ocrx_word' id='word_1_58' title='bbox 445 2151 556 2218; x_wconf 83' lang='lat' dir='ltr'>offerri</span> <span class='ocrx_word' id='word_1_59' title='bbox 580 2171 720 2234; x_wconf 85' lang='lat' dir='ltr'>corpora</span> <span class='ocrx_word' id='word_1_60' title='bbox 744 2172 843 2217; x_wconf 84' lang='lat' dir='ltr'>caeca</span> <span class='ocrx_word' id='word_1_61' title='bbox 867 2154 945 2216; x_wconf 85' lang='lat' dir='ltr'>deo!</span> 
     </span>
     <span class='ocr_line' id='line_1_14' title="bbox 192 2257 1006 2342; baseline -0.005 -18"><span class='ocrx_word' id='word_1_62' title='bbox 192 2258 231 2337; x_wconf 86' lang='lat'>0,</span> <span class='ocrx_word' id='word_1_63' title='bbox 255 2259 373 2342; x_wconf 86' lang='lat' dir='ltr'>quales</span> <span class='ocrx_word' id='word_1_64' title='bbox 397 2259 496 2341; x_wconf 79' lang='lat' dir='ltr'>vulgo</span> <span class='ocrx_word' id='word_1_65' title='bbox 519 2258 634 2341; x_wconf 86' lang='lat' dir='ltr'>templi</span> <span class='ocrx_word' id='word_1_66' title='bbox 659 2261 811 2340; x_wconf 83' lang='lat' dir='ltr'>spectare</span> <span class='ocrx_word' id='word_1_67' title='bbox 837 2257 1006 2322; x_wconf 80' lang='lat' dir='ltr'>ministros</span> 
     </span>
     <span class='ocr_line' id='line_1_15' title="bbox 124 2364 1038 2448; baseline -0.004 -18"><span class='ocrx_word' id='word_1_68' title='bbox 124 2367 171 2430; x_wconf 90' lang='lat'>10</span> <span class='ocrx_word' id='word_1_69' title='bbox 238 2364 405 2448; x_wconf 79' lang='lat' dir='ltr'>Cogimur,</span> <span class='ocrx_word' id='word_1_70' title='bbox 428 2365 573 2430; x_wconf 85' lang='lat' dir='ltr'>insulsos</span> <span class='ocrx_word' id='word_1_71' title='bbox 597 2365 900 2448; x_wconf 82' lang='lat' dir='ltr'>grammaticaeque</span> <span class='ocrx_word' id='word_1_72' title='bbox 926 2366 1038 2429; x_wconf 78' lang='lat' dir='ltr'>rudes!</span> 
     </span>
     <span class='ocr_line' id='line_1_16' title="bbox 193 2471 1155 2554; baseline 0 -20"><span class='ocrx_word' id='word_1_73' title='bbox 193 2471 258 2536; x_wconf 86' lang='lat' dir='ltr'>Hic</span> <span class='ocrx_word' id='word_1_74' title='bbox 280 2490 417 2554; x_wconf 62' lang='lat' dir='ltr'>coquus</span> <span class='ocrx_word' id='word_1_75' title='bbox 440 2471 495 2535; x_wconf 84' lang='lat' dir='ltr'>hic</span> <span class='ocrx_word' id='word_1_76' title='bbox 519 2474 663 2535; x_wconf 81' lang='lat' dir='ltr'>structor</span> <span class='ocrx_word' id='word_1_77' title='bbox 687 2473 814 2536; x_wconf 82' lang='lat' dir='ltr'>Rornae</span> <span class='ocrx_word' id='word_1_78' title='bbox 838 2472 908 2545; x_wconf 86' lang='lat' dir='ltr'>fuit,</span> <span class='ocrx_word' id='word_1_79' title='bbox 933 2473 1016 2535; x_wconf 81' lang='lat' dir='ltr'>ulter</span> <span class='ocrx_word' id='word_1_80' title='bbox 1041 2491 1155 2552; x_wconf 66' lang='lat' dir='ltr'>agnam</span> 
     </span>
     <span class='ocr_line' id='line_1_17' title="bbox 239 2577 988 2661; baseline 0.003 -20"><span class='ocrx_word' id='word_1_81' title='bbox 239 2577 304 2642; x_wconf 88' lang='lat' dir='ltr'>Hic</span> <span class='ocrx_word' id='word_1_82' title='bbox 327 2577 431 2641; x_wconf 84' lang='lat' dir='ltr'>suita</span> <span class='ocrx_word' id='word_1_83' title='bbox 454 2578 606 2660; x_wconf 84' lang='lat' dir='ltr'>pedibus,</span> <span class='ocrx_word' id='word_1_84' title='bbox 631 2579 687 2642; x_wconf 88' lang='lat' dir='ltr'>ille</span> <span class='ocrx_word' id='word_1_85' title='bbox 711 2580 848 2642; x_wconf 77' lang='lat' dir='ltr'>nutrivit</span> <span class='ocrx_word' id='word_1_86' title='bbox 875 2600 988 2661; x_wconf 73' lang='lat' dir='ltr'>equus</span> 
     </span>
     <span class='ocr_line' id='line_1_18' title="bbox 193 2683 874 2761; baseline -0.001 -13"><span class='ocrx_word' id='word_1_87' title='bbox 193 2685 260 2750; x_wconf 87' lang='lat' dir='ltr'>Iste</span> <span class='ocrx_word' id='word_1_88' title='bbox 284 2683 446 2749; x_wconf 78' lang='lat' dir='ltr'>sacerdoti</span> <span class='ocrx_word' id='word_1_89' title='bbox 470 2684 631 2749; x_wconf 82' lang='lat' dir='ltr'>successit</span> <span class='ocrx_word' id='word_1_90' title='bbox 653 2683 742 2748; x_wconf 88' lang='lat' dir='ltr'>iilius</span> <span class='ocrx_word' id='word_1_91' title='bbox 767 2685 874 2761; x_wconf 79' lang='lat' dir='ltr'>heres,</span> 
     </span>
     <span class='ocr_line' id='line_1_19' title="bbox 234 2790 971 2872; baseline 0.001 -17"><span class='ocrx_word' id='word_1_92' title='bbox 234 2791 375 2855; x_wconf 77' lang='lat' dir='ltr'>Artibus</span> <span class='ocrx_word' id='word_1_93' title='bbox 399 2790 553 2872; x_wconf 83' lang='lat' dir='ltr'>ingenuis</span> <span class='ocrx_word' id='word_1_94' title='bbox 577 2810 671 2854; x_wconf 81' lang='lat' dir='ltr'>rarus</span> <span class='ocrx_word' id='word_1_95' title='bbox 695 2791 839 2854; x_wconf 81' lang='lat' dir='ltr'>habetur</span> <span class='ocrx_word' id='word_1_96' title='bbox 857 2792 971 2856; x_wconf 87' lang='lat' dir='ltr'>honor.</span> 
     </span>
     <span class='ocr_line' id='line_1_20' title="bbox 125 2896 998 2974; baseline -0.002 -12"><span class='ocrx_word' id='word_1_97' title='bbox 125 2899 169 2962; x_wconf 84' lang='lat'>15</span> <span class='ocrx_word' id='word_1_98' title='bbox 195 2896 349 2962; x_wconf 81' lang='lat' dir='ltr'>Praemia</span> <span class='ocrx_word' id='word_1_99' title='bbox 372 2897 486 2962; x_wconf 83' lang='lat' dir='ltr'>virtuli</span> <span class='ocrx_word' id='word_1_100' title='bbox 510 2897 647 2961; x_wconf 79' lang='lat' dir='ltr'>veniunt</span> <span class='ocrx_word' id='word_1_101' title='bbox 671 2900 833 2974; x_wconf 82' lang='lat' dir='ltr'>rarenter3</span> <span class='ocrx_word' id='word_1_102' title='bbox 857 2900 899 2960; x_wconf 87' lang='lat' dir='ltr'>nd</span> <span class='ocrx_word' id='word_1_103' title='bbox 923 2918 998 2962; x_wconf 85' lang='lat' dir='ltr'>uras</span> 
     </span>
     <span class='ocr_line' id='line_1_21' title="bbox 239 3002 1028 3085; baseline 0 -18"><span class='ocrx_word' id='word_1_104' title='bbox 239 3002 448 3080; x_wconf 80' lang='lat' dir='ltr'>Prorelritur,</span> <span class='ocrx_word' id='word_1_105' title='bbox 472 3003 624 3085; x_wconf 88' lang='lat' dir='ltr'>quisquis</span> <span class='ocrx_word' id='word_1_106' title='bbox 648 3003 792 3067; x_wconf 84' lang='lat' dir='ltr'>maxima</span> <span class='ocrx_word' id='word_1_107' title='bbox 816 3004 903 3067; x_wconf 82' lang='lat' dir='ltr'>duna</span> <span class='ocrx_word' id='word_1_108' title='bbox 927 3005 1028 3067; x_wconf 88' lang='lat' dir='ltr'>dedit.</span> 
     </span>
     <span class='ocr_line' id='line_1_22' title="bbox 192 3109 1143 3191; baseline -0.001 -18"><span class='ocrx_word' id='word_1_109' title='bbox 192 3109 383 3187; x_wconf 83' lang='lat' dir='ltr'>Quamlibet</span> <span class='ocrx_word' id='word_1_110' title='bbox 407 3109 523 3191; x_wconf 83' lang='lat' dir='ltr'>ignari,</span> <span class='ocrx_word' id='word_1_111' title='bbox 548 3110 646 3174; x_wconf 86' lang='lat' dir='ltr'>modu</span> <span class='ocrx_word' id='word_1_112' title='bbox 670 3109 771 3173; x_wconf 84' lang='lat' dir='ltr'>restis</span> <span class='ocrx_word' id='word_1_113' title='bbox 797 3114 829 3173; x_wconf 81' lang='lat' dir='ltr'>et</span> <span class='ocrx_word' id='word_1_114' title='bbox 854 3110 938 3174; x_wconf 80' lang='lat' dir='ltr'>aeris</span> <span class='ocrx_word' id='word_1_115' title='bbox 962 3111 1143 3189; x_wconf 82' lang='lat' dir='ltr'>abundent,</span> 
     </span>
     <span class='ocr_line' id='line_1_23' title="bbox 236 3215 1070 3298; baseline -0.001 -17"><span class='ocrx_word' id='word_1_116' title='bbox 236 3217 401 3281; x_wconf 83' lang='lat' dir='ltr'>Praesuut</span> <span class='ocrx_word' id='word_1_117' title='bbox 427 3236 516 3281; x_wconf 84' lang='lat' dir='ltr'>nuuc</span> <span class='ocrx_word' id='word_1_118' title='bbox 539 3215 653 3291; x_wconf 71' lang='lat' dir='ltr'>sutria,</span> <span class='ocrx_word' id='word_1_119' title='bbox 678 3215 802 3298; x_wconf 83' lang='lat' dir='ltr'>optime</span> <span class='ocrx_word' id='word_1_120' title='bbox 827 3216 969 3293; x_wconf 75' lang='lat' dir='ltr'>Christe,</span> <span class='ocrx_word' id='word_1_121' title='bbox 993 3217 1070 3280; x_wconf 72' lang='lat' dir='ltr'>lule.</span> 
     </span>
     <span class='ocr_line' id='line_1_24' title="bbox 191 3321 1044 3406; baseline -0.004 -19"><span class='ocrx_word' id='word_1_122' title='bbox 191 3324 252 3387; x_wconf 87' lang='lat' dir='ltr'>Vix</span> <span class='ocrx_word' id='word_1_123' title='bbox 276 3325 341 3388; x_wconf 86' lang='lat' dir='ltr'>triu</span> <span class='ocrx_word' id='word_1_124' title='bbox 363 3323 465 3388; x_wconf 81' lang='lat' dir='ltr'>rerba</span> <span class='ocrx_word' id='word_1_125' title='bbox 489 3327 617 3406; x_wconf 88' lang='lat' dir='ltr'>queunt</span> <span class='ocrx_word' id='word_1_126' title='bbox 643 3322 761 3386; x_wconf 83' lang='lat' dir='ltr'>Latiali</span> <span class='ocrx_word' id='word_1_127' title='bbox 785 3322 895 3387; x_wconf 80' lang='lat' dir='ltr'>(licere</span> <span class='ocrx_word' id='word_1_128' title='bbox 921 3321 1044 3404; x_wconf 83' lang='lat' dir='ltr'>lingua,</span> 
     </span>
     <span class='ocr_line' id='line_1_25' title="bbox 124 3429 971 3512; baseline -0.001 -19"><span class='ocrx_word' id='word_1_129' title='bbox 124 3432 168 3494; x_wconf 79' lang='lat'>‘20</span> <span class='ocrx_word' id='word_1_130' title='bbox 235 3429 415 3495; x_wconf 80' lang='lat' dir='ltr'>Barbarieu</span> <span class='ocrx_word' id='word_1_131' title='bbox 439 3429 546 3512; x_wconf 81' lang='lat' dir='ltr'>turpis</span> <span class='ocrx_word' id='word_1_132' title='bbox 571 3429 755 3512; x_wconf 75' lang='lat' dir='ltr'>perstrepit</span> <span class='ocrx_word' id='word_1_133' title='bbox 778 3449 834 3494; x_wconf 86' lang='lat' dir='ltr'>ore</span> <span class='ocrx_word' id='word_1_134' title='bbox 859 3450 971 3493; x_wconf 77' lang='lat' dir='ltr'>sonna.</span> 
     </span>
     <span class='ocr_line' id='line_1_26' title="bbox 190 3536 967 3620; baseline 0.001 -21"><span class='ocrx_word' id='word_1_135' title='bbox 190 3536 375 3601; x_wconf 85' lang='lat' dir='ltr'>Accubitus</span> <span class='ocrx_word' id='word_1_136' title='bbox 399 3536 535 3620; x_wconf 87' lang='lat' dir='ltr'>capiunt</span> <span class='ocrx_word' id='word_1_137' title='bbox 558 3537 644 3601; x_wconf 86' lang='lat' dir='ltr'>inter</span> <span class='ocrx_word' id='word_1_138' title='bbox 667 3536 818 3601; x_wconf 83' lang='lat' dir='ltr'>convivia</span> <span class='ocrx_word' id='word_1_139' title='bbox 841 3537 967 3620; x_wconf 84' lang='lat' dir='ltr'>primos</span> 
     </span>
     <span class='ocr_line' id='line_1_27' title="bbox 235 3643 1081 3709; baseline -0.004 -1"><span class='ocrx_word' id='word_1_140' title='bbox 235 3643 305 3708; x_wconf 83' lang='lat' dir='ltr'>Nee</span> <span class='ocrx_word' id='word_1_141' title='bbox 328 3643 391 3708; x_wconf 84' lang='lat' dir='ltr'>uisi</span> <span class='ocrx_word' id='word_1_142' title='bbox 415 3646 456 3709; x_wconf 89' lang='lat' dir='ltr'>de</span> <span class='ocrx_word' id='word_1_143' title='bbox 478 3643 610 3709; x_wconf 85' lang='lat' dir='ltr'>Baccho</span> <span class='ocrx_word' id='word_1_144' title='bbox 632 3645 735 3708; x_wconf 81' lang='lat' dir='ltr'>rerba</span> <span class='ocrx_word' id='word_1_145' title='bbox 758 3646 791 3708; x_wconf 89' lang='lat' dir='ltr'>et</span> <span class='ocrx_word' id='word_1_146' title='bbox 815 3643 933 3709; x_wconf 86' lang='lat' dir='ltr'>Amore</span> <span class='ocrx_word' id='word_1_147' title='bbox 957 3646 1081 3707; x_wconf 85' lang='lat' dir='ltr'>serunt.</span> 
     </span>
     <span class='ocr_line' id='line_1_28' title="bbox 190 3750 997 3833; baseline 0 -19"><span class='ocrx_word' id='word_1_148' title='bbox 190 3751 393 3816; x_wconf 84' lang='lat' dir='ltr'>Discernuut</span> <span class='ocrx_word' id='word_1_149' title='bbox 416 3751 527 3816; x_wconf 84' lang='lat' dir='ltr'>arium</span> <span class='ocrx_word' id='word_1_150' title='bbox 551 3751 689 3833; x_wconf 87' lang='lat' dir='ltr'>riuique</span> <span class='ocrx_word' id='word_1_151' title='bbox 713 3750 888 3832; x_wconf 79' lang='lat' dir='ltr'>saporibus</span> <span class='ocrx_word' id='word_1_152' title='bbox 913 3772 997 3827; x_wconf 81' lang='lat' dir='ltr'>uras,</span> 
     </span>
     <span class='ocr_line' id='line_1_29' title="bbox 235 3857 985 3939; baseline -0.003 -17"><span class='ocrx_word' id='word_1_153' title='bbox 235 3858 309 3936; x_wconf 92' lang='lat' dir='ltr'>Quo</span> <span class='ocrx_word' id='word_1_154' title='bbox 334 3858 433 3923; x_wconf 86' lang='lat' dir='ltr'>suerit</span> <span class='ocrx_word' id='word_1_155' title='bbox 457 3859 578 3922; x_wconf 85' lang='lat' dir='ltr'>callent</span> <span class='ocrx_word' id='word_1_156' title='bbox 601 3859 760 3939; x_wconf 81' lang='lat' dir='ltr'>ruuclrylu</span> <span class='ocrx_word' id='word_1_157' title='bbox 785 3858 870 3921; x_wconf 84' lang='lat' dir='ltr'>lecta</span> <span class='ocrx_word' id='word_1_158' title='bbox 894 3857 985 3921; x_wconf 79' lang='lat' dir='ltr'>mari.</span> 
     </span>
     <span class='ocr_line' id='line_1_30' title="bbox 124 3964 1085 4047; baseline -0.001 -20"><span class='ocrx_word' id='word_1_159' title='bbox 124 3965 165 4028; x_wconf 79' lang='lat'>‘25</span> <span class='ocrx_word' id='word_1_160' title='bbox 191 3964 220 4028; x_wconf 83' lang='lat' dir='ltr'><strong>A</strong></span> <span class='ocrx_word' id='word_1_161' title='bbox 244 3985 324 4047; x_wconf 81' lang='lat' dir='ltr'>grue</span> <span class='ocrx_word' id='word_1_162' title='bbox 349 3964 572 4047; x_wconf 59' lang='lat' dir='ltr'>strymoniau</span> <span class='ocrx_word' id='word_1_163' title='bbox 597 3965 678 4047; x_wconf 85' lang='lat' dir='ltr'>quid</span> <span class='ocrx_word' id='word_1_164' title='bbox 703 3965 804 4030; x_wconf 83' lang='lat' dir='ltr'>distet</span> <span class='ocrx_word' id='word_1_165' title='bbox 829 3964 982 4028; x_wconf 82' lang='lat' dir='ltr'>Phasidis</span> <span class='ocrx_word' id='word_1_166' title='bbox 1006 3965 1085 4040; x_wconf 68' lang='lat' dir='ltr'>alea,</span> 
     </span>
     <span class='ocr_line' id='line_1_31' title="bbox 236 4072 984 4155; baseline -0.001 -20"><span class='ocrx_word' id='word_1_167' title='bbox 236 4072 421 4153; x_wconf 76' lang='lat' dir='ltr'>Noverunt,</span> <span class='ocrx_word' id='word_1_168' title='bbox 445 4093 544 4136; x_wconf 84' lang='lat' dir='ltr'>anser</span> <span class='ocrx_word' id='word_1_169' title='bbox 567 4075 642 4154; x_wconf 81' lang='lat' dir='ltr'>quis</span> <span class='ocrx_word' id='word_1_170' title='bbox 666 4072 769 4155; x_wconf 83' lang='lat' dir='ltr'>magis</span> <span class='ocrx_word' id='word_1_171' title='bbox 793 4074 984 4136; x_wconf 81' lang='lat' dir='ltr'>extulerat.</span> 
     </span>
    </p>
   </div>
   <div class='ocr_carea' id='block_1_6' title="bbox 190 4177 1059 4370">
    <p class='ocr_par' dir='ltr' id='par_1_7' title="bbox 190 4177 1059 4370">
     <span class='ocr_line' id='line_1_32' title="bbox 190 4177 1016 4263; baseline -0.001 -21"><span class='ocrx_word' id='word_1_172' title='bbox 190 4179 281 4256; x_wconf 88' lang='lat' dir='ltr'>Quos</span> <span class='ocrx_word' id='word_1_173' title='bbox 304 4180 397 4262; x_wconf 84' lang='lat' dir='ltr'>parit</span> <span class='ocrx_word' id='word_1_174' title='bbox 421 4179 549 4244; x_wconf 90' lang='lat' dir='ltr'>milium</span> <span class='ocrx_word' id='word_1_175' title='bbox 573 4181 737 4263; x_wconf 83' lang='lat' dir='ltr'>panisque</span> <span class='ocrx_word' id='word_1_176' title='bbox 761 4177 906 4241; x_wconf 85' lang='lat' dir='ltr'>cibarius</span> <span class='ocrx_word' id='word_1_177' title='bbox 930 4180 1016 4255; x_wconf 80' lang='lat' dir='ltr'>aute,</span> 
     </span>
     <span class='ocr_line' id='line_1_33' title="bbox 238 4285 1059 4370; baseline -0.002 -20"><span class='ocrx_word' id='word_1_178' title='bbox 238 4286 335 4351; x_wconf 86' lang='lat' dir='ltr'>Nune</span> <span class='ocrx_word' id='word_1_179' title='bbox 359 4286 502 4352; x_wconf 85' lang='lat' dir='ltr'>similam</span> <span class='ocrx_word' id='word_1_180' title='bbox 526 4290 690 4370; x_wconf 83' lang='lat' dir='ltr'>spernunt</span> <span class='ocrx_word' id='word_1_181' title='bbox 714 4285 935 4367; x_wconf 81' lang='lat' dir='ltr'>reiieiuutque</span> <span class='ocrx_word' id='word_1_182' title='bbox 959 4286 1059 4349; x_wconf 80' lang='lat' dir='ltr'>saroa</span> 
     </span>
    </p>
   </div>
   <div class='ocr_carea' id='block_1_7' title="bbox 0 0 1320 4718">
    <p class='ocr_par' dir='ltr' id='par_1_8' title="bbox 0 0 1320 4718">
     <span class='ocr_line' id='line_1_34' title="bbox 0 0 1320 4718; baseline 0 0"><span class='ocrx_word' id='word_1_183' title='bbox 0 0 1320 4718; x_wconf 95' lang='lat' dir='ltr'> </span> 
     </span>
    </p>
   </div>
  </div>
 </body>
</html>
