2632 4718
236 940 326 1006 modi
355 939 464 1006 fumos
492 944 653 1024 spargunt
681 942 772 1022 apud
800 940 919 1021 vulgus
952 939 1125 1005 indoctum
1156 956 1194 1004 ac

237 1046 521 1129 superstitiosum,
557 1047 648 1128 apud
675 1046 775 1128 quod,
815 1065 890 1109 cum
934 1064 996 1128 pro
1034 1044 1196 1127 theologis

147 1153 192 1216 20
237 1152 440 1232 habeantur,
464 1151 569 1215 nolint
603 1152 704 1216 ullam
729 1150 898 1233 opinionis
922 1170 1002 1216 suae
1032 1151 1194 1215 iacturam

237 1259 357 1322 iacere.
416 1260 597 1336 Verentur,
636 1277 694 1333 ne,
734 1276 809 1321 cum
849 1275 1026 1339 perperam
1066 1256 1196 1320 divinas

236 1362 343 1427 citant
381 1363 529 1440 litterae,
568 1363 611 1441 id,
646 1364 737 1445 quod
780 1381 1020 1444 saepenumero
1059 1361 1195 1439 faciunt,

238 1470 384 1534 Graecae
409 1470 468 1533 aut
494 1469 679 1532 Hebraicae
710 1468 860 1532 raritatis
889 1467 1071 1532 auctoritas
1100 1468 1135 1531 in
1158 1486 1195 1532 os

237 1573 377 1638 iaciatur
409 1579 443 1638 et
476 1594 551 1638 mox
586 1577 749 1656 appareat
784 1593 857 1638 esse
892 1572 1076 1652 somnium,
1104 1575 1195 1654 quod

148 1680 190 1743 25
237 1680 328 1743 velut
356 1680 526 1745 oraculum
559 1680 796 1743 adducebatur.
844 1678 947 1742 Divus
975 1678 1195 1760 Augustinus,

236 1785 287 1848 vir
310 1788 439 1864 tantuS,
468 1787 509 1849 ad
539 1786 621 1849 haec
646 1785 839 1866 episcopua,
871 1803 938 1848 non
963 1787 1119 1864 gravatur
1141 1784 1195 1848 vel

236 1891 278 1954 ab
317 1890 472 1955 anniculo
507 1909 611 1971 puero
652 1890 789 1954 discere.
849 1889 909 1953 Isti
948 1889 1033 1953 tales
1068 1889 1196 1953 malunt

237 1995 350 2060 omnia
373 2015 505 2059 sursum
534 2016 572 2060 ac
603 1997 758 2060 deorsum
782 1994 939 2075 miscere,
971 2013 1071 2076 quam
1101 2012 1192 2059 com·

240 2102 392 2179 mittere,
428 2105 465 2166 ut
496 2102 676 2184 quicquam
704 2102 880 2165 rideantur
909 2101 1076 2182 ignorare,
1105 2101 1195 2181 quod

237 2207 279 2272 ad
305 2207 491 2272 absolutam
514 2207 683 2289 pertineat
706 2207 938 2271 eruditionem.

598 2382 724 2447 CXVII.

124 2504 302 2574 Joannes
318 2503 557 2573 Francisous
579 2504 696 2574 Picus
719 2504 762 2572 in
783 2503 884 2573 libro
907 2504 965 2590 1²³>
988 2503 1038 2572 de
1061 2501 1195 2572 studio

262 2609 462 2678 humanae
487 2613 527 2678 et
553 2609 710 2679 divinae
732 2608 1059 2697 philosophiae.¹)

326 2751 512 2833 Theologos
535 2771 652 2816 omnes
677 2755 767 2816 recte
786 2771 843 2815 eos
862 2749 1111 2834 appellaverim,
1135 2749 1194 2832 qui

240 2856 361 2920 litteris
396 2857 498 2920 sacris
533 2858 751 2934 incumbunt,
787 2861 824 2920 ut
853 2858 952 2921 deum
983 2857 1194 2937 cognoscant,

236 2965 453 3041 venerentur,
488 2964 599 3027 colant
635 2963 776 3045 eiusque
805 2962 937 3043 placitis
967 2963 1194 3043 obsequantur

230 3068 372 3149 aliisque
395 3068 462 3132 siut
485 3068 685 3133 adiumento.

590 3245 734 3309 CXVIII.

301 3364 568 3452 Hieronymus
590 3366 755 3435 Rustico
778 3365 987 3435 monacho.
997 3369 1023 3450 ¹)

329 3507 520 3589 Numquam
553 3509 594 3572 de
625 3528 726 3572 manu
760 3510 793 3571 et
828 3508 933 3571 oculis
963 3507 1031 3571 tuis
1064 3509 1196 3572 recedat

241 3612 335 3693 liber,
360 3614 506 3678 discatur
531 3615 733 3679 psalterium
757 3614 799 3677 ad
823 3614 972 3677 verbum.

610 3790 717 3854 CXIX.

378 3910 490 3980 Idem
512 3911 634 3998 paulo
656 3914 750 3998 post
773 3910 912 3979 eidem.
922 3911 949 3995 1)

330 4053 415 4117 Ama
445 4054 617 4118 scientiam
646 4053 887 4134 scripturarum
917 4055 949 4116 et
977 4051 1086 4116 carnis
1115 4053 1195 4117 vitia

240 4176 308 4221 uon
332 4159 469 4223 amabis

217 4314 241 4380 .)
261 4315 271 4366 r
291 4315 357 4367 sent
376 4317 403 4368 u
422 4317 453 4368 Β.
