2632 4718
600 760 814 822 „⁸24-

311 932 437 998 Gallica
448 932 476 1018 9)
500 935 577 998 dnm
602 935 746 1017 praedae
770 935 819 998 ris
843 934 1023 999 furibunda
1046 937 1167 999 studet.

256 1039 387 1122 Eripuit
411 1060 524 1105 rocem
550 1041 680 1122 linguae
705 1040 989 1126 nnnosrnenisw)
1012 1062 1140 1120 anrnm,

311 1147 419 1222 Quam
445 1167 512 1211 non
535 1148 731 1211 haerentem
756 1147 880 1212 fecerat
904 1168 977 1211 esse.
1002 1149 1096 1231 lapis.

192 1252 234 1314 45
260 1251 312 1314 Ab
335 1252 414 1326 lore
439 1251 466 1313 si
489 1251 598 1340 prelio
622 1252 781 1336 Danae¹¹)
806 1273 871 1315 non
895 1255 993 1334 capta
1016 1252 1142 1330 fuisset,

243 1384 248 1389 ·
312 1358 434 1422 Persea
458 1377 544 1439 quac
568 1359 694 1440 genuit,
720 1358 811 1440 virgo
835 1359 958 1440 pudica
981 1358 1074 1423 foret.

256 1462 416 1544 Argivum
439 1461 595 1548 ralemtl)
618 1483 678 1527 cur
700 1462 829 1546 perfida
852 1463 1000 1546 prodidit
1023 1465 1126 1528 uxor?

314 1570 466 1634 Machina
491 1569 628 1634 Vulcani
653 1590 752 1634 cansa
775 1569 896 1635 monile
920 1569 991 1634 fuit.

258 1676 333 1740 Non
358 1675 511 1759 sequitur
535 1679 660 1741 tortum
686 1677 846 1740 damnosa
870 1677 1011 1758 pecunia
1035 1676 1157 1750 sunem,

192 1785 234 1846 50
303 1782 371 1846 Sed
394 1782 486 1846 ducit
510 1802 623 1847 servos
648 1781 825 1864 imperiosa
848 1783 995 1846 trahens.

259 1887 345 1951 Hinc
369 1889 457 1952 mala
480 1908 542 1970 per
565 1892 702 1952 cunetas
725 1891 890 1971 apparent
914 1887 1057 1970 plurima
1081 1891 1197 1965 terras

315 1993 358 2056 Et
382 1995 454 2058 toto
479 2013 643 2076 nusquam
668 1997 840 2075 permanet
864 1994 944 2057 orbe
969 1995 1074 2075 quies.

261 2099 361 2176 Felix,
387 2099 443 2181 qui
468 2099 613 2181 pretium
638 2099 754 2182 dignos
778 2099 939 2181 expendis
964 2099 998 2162 iu
1023 2119 1113 2174 usus

315 2205 455 2270 Virtutis
480 2226 633 2270 nummos
657 2207 714 2288 qui
739 2206 820 2270 sacis
845 2227 938 2271 arma
962 2207 1053 2270 tuae!

194 2313 236 2376 55
263 2312 383 2376 Nullus
408 2311 441 2375 in
465 2315 601 2394 argento
627 2315 716 2376 nitor
740 2315 857 2387 exstat,
882 2313 998 2391 amice,
1023 2313 1164 2394 sepulto,

317 2419 477 2482 Denarios
504 2439 583 2483 usus
607 2427 706 2502 teque
732 2420 838 2483 nitere
862 2418 950 2483 facit.

689 2756 743 2818 XI.

577 2896 625 2964 In
648 2895 858 2965 ebriosum.

210 3060 222 3119 l
252 3057 337 3134 Quid
364 3056 438 3120 Chii
448 3058 474 3141 1)
500 3057 615 3122 latices
639 3056 770 3131 Bacchi,
795 3056 876 3139 quid
902 3056 1023 3121 Lesbia
1047 3057 1122 3121 rina

296 3163 434 3245 Absque
458 3165 556 3228 modo
581 3166 677 3246 potas
700 3167 801 3245 teque
825 3163 924 3226 beare
949 3164 1071 3244 putas?

252 3269 341 3348 Quid
366 3269 467 3345 iurat,
492 3272 528 3334 in
551 3271 689 3334 multam
716 3271 884 3334 madidum
910 3270 1093 3352 producere
1120 3272 1250 3332 noctem

297 3377 509 3459 Symposium
533 3379 567 3440 et
592 3376 693 3441 nimio
717 3376 867 3458 frangere
892 3377 1039 3439 membra
1065 3376 1178 3439 mero?

207 3484 227 3546 5
253 3484 337 3547 Dum
361 3482 421 3546 tibi
445 3482 576 3546 felicem
600 3483 708 3546 credis
732 3484 909 3547 decurrere
933 3483 1046 3562 vitam,

303 3589 340 3652 ln
364 3590 527 3670 pecudem
551 3589 673 3652 transis
698 3592 730 3652 et
754 3588 890 3652 rationis
914 3607 1000 3670 eges

254 3696 298 3759 Ut
323 3699 533 3776 compotores
557 3696 647 3777 turpi
671 3695 852 3760 certamine
875 3695 1000 3769 vincas¹

298 3802 462 3865 Exhauris
485 3805 619 3883 pateras
645 3801 786 3884 impiger
811 3806 911 3882 alque
937 3801 1086 3882 scyphos.

254 3909 320 3971 Sed
344 3907 478 3983 titubas
503 3910 679 3990 postquam
705 3909 820 3972 lotium
845 3909 1002 3971 secedere
1028 3905 1123 3988 cogit,

191 4014 230 4076 lo
298 4012 416 4078 Officio
440 4016 560 4078 desunt
585 4034 746 4096 mensque
770 4015 941 4097 pedesque
966 4034 1036 4076 sno.

256 4118 325 4181 lam
349 4120 402 4182 rix
427 4119 588 4201 accipitur
612 4140 711 4202 grave
735 4122 857 4184 olentis
881 4122 977 4185 curta
1001 4121 1134 4201 loquela

300 4223 386 4301 Oris
411 4228 446 4290 et
469 4246 505 4291 es
529 4229 652 4305 mulus
679 4226 735 4309 qui
760 4229 859 4291 modo
883 4229 1018 4292 Stentor
1030 4227 1055 4311 ¹)
1080 4247 1164 4290 cras.

255 4331 350 4396 Stare
375 4332 445 4397 loco
470 4332 588 4412 nescis,
612 4333 699 4397 serii
726 4333 896 4398 molimine
920 4353 1039 4415 magno
