2632 4718
68 4344 92 4416 ἱ

576 1395 763 1466 Liber
796 1397 848 1465 11.

235 1574 298 1661 lle
332 1574 554 1693 dignitate
588 1587 632 1662 et
665 1575 938 1663 excellentia
973 1575 1186 1665 hominis

699 1841 723 1905 Ι.

426 1979 490 2048 Ad
512 1979 771 2069 Rudolphum
794 1979 1000 2069 Langium.

206 2163 218 2222 1
249 2160 376 2224 Inclute
400 2160 568 2223 Musarum
594 2159 786 2241 Christique
810 2159 956 2222 verende
982 2161 1146 2236 sacerdos,

292 2266 431 2349 Suscipc
456 2284 544 2329 nnnc
568 2267 668 2330 solito
693 2285 827 2328 carmen
850 2284 962 2330 amore
986 2268 1111 2330 meum!

247 2373 275 2435 Ο
301 2372 381 2435 milri
406 2375 602 2453 suppeteret
627 2372 755 2453 Peligni
767 2371 788 2450 1)
814 2371 910 2452 copia
933 2373 1019 2435 vatis

291 2479 359 2543 Aut
383 2498 485 2543 canor
508 2478 562 2542 ille
587 2479 705 2554 nitens
730 2479 826 2542 docte
849 2477 993 2552 Tibulle,
1018 2479 1112 2542 tuus!
1181 2463 1187 2472 ”

203 2587 222 2647 5
248 2586 382 2648 Dulcius
407 2586 589 2649 humanum
615 2605 717 2665 genus
742 2589 774 2648 et
799 2584 945 2648 limatius
970 2585 1075 2648 almas

292 2691 511 2755 Concinerern
536 2693 628 2754 dotes
653 2691 792 2756 coelitus
815 2691 992 2754 exhibitas.

249 2798 345 2860 Nunc
371 2801 403 2860 te
429 2818 561 2879 quaese,
585 2802 653 2873 tua,
679 2802 769 2861 vates
794 2797 986 2872 clarissime,
1014 2797 1090 2860 lima

293 2903 428 2986 Currige
454 2904 577 2968 iudicio
603 2924 668 2966 rum
693 2905 773 2966 satis
797 2905 876 2985 apta
900 2904 975 2966 tun!

249 3011 470 3091 Omnipotens
495 3012 588 3081 deus,
613 3010 762 3092 astrigeri
789 3014 941 3090 temtatur·
966 3010 1109 3091 Olympi,

186 3120 224 3179 m
293 3116 401 3181 Curde
425 3138 486 3182 suu
511 3139 620 3181 rerum
646 3117 788 3201 protulit
811 3137 909 3179 omne
933 3136 1049 3198 genus.

249 3223 293 3285 At
317 3223 399 3287 nilril
423 3224 456 3286 in
482 3225 604 3288 nostris
629 3223 759 3287 lmrnine
784 3226 835 3286 est
858 3223 1086 3305 praestantius
1111 3224 1188 3293 nris,

293 3329 415 3394 Indidit
440 3330 517 3393 lruic
542 3332 689 3412 speciem
715 3350 791 3394 nam
815 3331 912 3409 pater
936 3330 991 3392 ille
1015 3349 1120 3392 suam.

249 3438 405 3500 Mortales
428 3437 556 3500 animae
581 3436 716 3517 reliquis
740 3436 966 3500 animantibus
990 3435 1113 3522 insunt,

294 3544 475 3607 Immortali
502 3542 613 3606 animo
637 3547 687 3606 est
711 3543 884 3625 praeditus
908 3562 996 3604 unus
1021 3541 1131 3604 humo.

186 3653 224 3712 15
250 3649 371 3714 Cetera
395 3651 554 3730 depresso
578 3652 728 3731 spectant
752 3649 909 3712 animalia
935 3653 1040 3711 terras

294 3756 360 3820 Ore
386 3777 445 3819 nec
469 3757 512 3819 ad
535 3775 675 3837 superos
699 3775 839 3837 corpora
863 3775 969 3837 prona
993 3756 1122 3830 lerant,

251 3864 347 3928 Celsa
372 3864 464 3927 dedit
489 3865 585 3927 nubis
610 3863 827 3946 speciosaque
852 3861 1004 3925 conditur
1027 3880 1093 3931 nra,

295 3969 505 4052 Suspicimus
530 3970 642 4033 cnelus
667 3968 935 4051 despicinrusqne
961 3966 1077 4031 solum.

251 4077 385 4141 Scilicet
407 4077 462 4141 illa
487 4097 547 4141 suo
572 4077 774 4157 conquirunt
799 4075 921 4155 pabula
946 4074 1053 4136 ventri

184 4185 226 4247 20
295 4183 542 4266 Subiectaeque
567 4183 663 4246 bonis
687 4180 878 4245 afficiuntur
902 4181 1012 4255 lu1mi3

250 4288 368 4354 Vivere
391 4310 451 4355 nos
476 4290 555 4353 clari
581 4307 743 4352 memores
767 4288 927 4351 debemus
952 4286 1084 4368 Olympi
