2632 4718
556 668 773 731 ..53-

241 844 418 907 Doctrinae
444 843 591 924 reliquas
613 863 680 926 qua
703 843 777 908 sine
801 844 912 909 nullus
937 845 1015 910 adit.

195 949 422 1030 proloquitur,
447 948 531 1027 sinit,
556 949 710 1031 partitur,
734 950 818 1016 falsa
842 951 973 1029 refellit,

124 1057 170 1119 ‘20
240 1057 329 1120 Vera
352 1057 483 1138 prohat.
509 1057 646 1138 laqueos
670 1055 777 1134 solvit,
801 1058 844 1120 ad
868 1057 935 1122 alta
959 1058 1056 1140 rapit.

194 1162 274 1238 Cur,
298 1162 450 1245 Epicure,
474 1182 603 1229 sacram
627 1163 785 1246 sprevisti
810 1163 915 1229 sutilis
939 1166 1068 1229 artem?

241 1268 296 1331 An
320 1267 398 1350 quia
420 1287 545 1333 vesano
569 1269 669 1332 corde
695 1267 855 1351 profanus
879 1270 976 1334 eras?

197 1375 296 1448 Hinc,
322 1381 357 1439 ut
382 1375 429 1440 ait
453 1375 581 1453 Cicero,
596 1374 619 1454 ¹)
644 1394 711 1440 non
735 1375 968 1441 conuenientia
992 1377 1075 1440 dicis

244 1481 313 1545 Nec
337 1481 435 1547 solito
458 1485 593 1564 poteras
617 1480 758 1545 tirmiter
782 1482 831 1545 irc
854 1482 968 1565 gradu.

125 1590 170 1651 25
197 1587 312 1653 Stoica
335 1590 368 1653 te
392 1588 494 1652 coluit
517 1588 652 1652 radians
676 1587 848 1652 dialectica
871 1589 978 1664 turha,

243 1694 291 1757 Te
314 1695 567 1776 perhonestarit
590 1713 740 1758 summus
764 1693 972 1760 Aristoteles,

199 1799 249 1863 Te
276 1801 361 1864 duce
385 1798 629 1884 Chrysippus2)
652 1801 781 1865 ralidos
805 1800 985 1865 cumularit
1008 1821 1153 1881 acervos,

243 1907 536 1993 Carneadesquess)
559 1926 675 1989 parem
698 1907 766 1971 vim
791 1907 867 1972 tulit
890 1908 1072 1972 helleboro.

196 2013 381 2095 Splendida
405 2014 579 2094 rhetorice,
604 2016 728 2096 quote
752 2013 977 2078 modulamine
1002 2015 1120 2090 (licam,

125 2122 172 2185 30
243 2119 415 2184 Sermonis
438 2119 560 2184 cultrix
585 2119 775 2202 eloquiique
799 2122 946 2201 parens?

198 2225 341 2289 Uberior
364 2230 422 2290 tua
445 2224 505 2305 ris
530 2226 684 2291 maiestas
709 2224 849 2307 amplior
872 2230 990 2296 exstat,

243 2333 360 2398 ltaiori
385 2333 472 2397 lucet
498 2333 671 2397 nobilitate
696 2333 808 2397 decus.

197 2439 370 2516 Quantum
397 2459 457 2504 nos
480 2442 589 2505 mutas
614 2440 802 2504 animantes
826 2460 1075 2522 exsuperamus,

242 2545 324 2609 'lam
349 2546 496 2628 reliquos
519 2547 672 2611 homines
695 2549 728 2610 te
754 2547 837 2610 duce
861 2549 1010 2629 praestat
1034 2548 1141 2609 homo.

125 2653 171 2717 35
197 2653 247 2715 'l'e
272 2653 435 2716 suadente
458 2673 558 2734 vagas
581 2654 700 2717 coiisse
725 2652 758 2716 in
783 2653 916 2717 moenia
940 2653 1053 2716 turbas

244 2759 420 2823 Credimus
445 2761 478 2822 et
502 2778 609 2823 mores
634 2758 818 2823 instituisse
842 2779 954 2823 noros.

198 2864 284 2929 Cum
307 2865 398 2943 libet,
423 2866 610 2930 inflammas
634 2867 775 2949 populos
800 2867 834 2929 in
859 2867 987 2948 proelia
1012 2866 1136 2937 ltartis,

244 2972 349 3037 Sedes
373 2976 406 3036 et
430 2972 556 3036 dirimis
581 2972 716 3054 proelia,
741 2973 875 3054 quaudo
901 2971 990 3034 lihet.

199 3078 356 3161 Captivos
381 3077 524 3155 redimis
549 3081 664 3160 pulsos
689 3100 728 3142 ex
753 3079 835 3141 urbe
861 3077 1003 3141 reducis.

127 3188 175 3249 tt)
244 3185 354 3250 Effera
378 3185 451 3249 iure
474 3187 532 3249 tuo
557 3186 709 3250 Caesaris
733 3186 783 3249 ira
808 3185 904 3248 cadit.

199 3290 247 3354 Te
273 3292 345 3355 sine
370 3291 474 3356 cirilis
499 3312 670 3374 nunquam
694 3291 877 3374 prudentia
901 3293 1008 3367 floret,

244 3399 397 3464 Maiestas
421 3399 558 3482 sophiae
582 3403 615 3463 te
639 3399 711 3463 sine
736 3402 826 3462 muta
851 3398 946 3462 iacet.

200 3505 331 3569 Iaclnta
354 3525 416 3569 nec
439 3505 547 3571 solum
571 3506 680 3570 clarae
704 3505 764 3568 tibi
790 3503 924 3569 nomina
949 3507 1054 3569 lamae

246 3611 399 3694 Cecropii
421 3611 546 3676 debent
569 3612 710 3675 fulmina
734 3630 852 3691 magna
877 3611 948 3684 lori,

130 3721 175 3783 li)
201 3719 268 3782 :lut
292 3719 350 3801 qui
375 3717 520 3783 Romani
544 3720 728 3782 tenuerunt
751 3717 871 3781 iudicis
896 3737 1002 3788 aures,

245 3825 377 3906 Eloquii
401 3844 558 3907 proceres
582 3825 821 3905 conspicuique
845 3828 932 3904 toga,

201 3931 267 3995 Sed
289 3934 323 3995 te
348 3931 451 3995 divini
476 3930 658 3995 celebrarit
681 3931 775 3994 Musa
800 3929 961 4008 Platonis

245 4038 293 4102 Te
317 4058 451 4121 quoque
475 4037 665 4101 Nicomachi
690 4036 779 4100 filius
803 4035 955 4100 excoluit.

201 4144 295 4222 Quae
320 4164 407 4208 nunc
432 4144 559 4225 ingenti
584 4162 721 4207 raucum
746 4143 886 4206 stridore
911 4143 1069 4206 reclamat

133 4253 178 4317 50
246 4250 288 4316 Et
311 4252 443 4332 linguae
468 4250 578 4314 cultus
602 4249 705 4331 impia
729 4248 816 4312 serre
841 4248 968 4331 nequit,
