2632 4718
548 762 767 836 ..63-

287 949 357 1029 „En
380 969 540 1031 umquam
565 951 720 1032 cuiquam
744 947 1017 1013 contumeliosius

306 1055 458 1121 Audistis
472 1055 593 1121 factam
605 1056 772 1135 iniuriam,
785 1075 893 1140 ‘quam
905 1055 986 1120 haec
1000 1058 1049 1119 est
1067 1054 1188 1119 mihi?“

143 1163 190 1227 30
235 1162 278 1225 ut
303 1162 417 1227 Livius
453 1163 489 1227 in
512 1164 540 1226 X
564 1163 648 1229 libro
683 1163 725 1227 ab
762 1164 845 1228 urbe
880 1161 1079 1242 condita¹⁰):
1121 1161 1191 1241 „En

237 1289 395 1351 umquam
412 1271 512 1335 fando
529 1269 669 1335 audistis
690 1269 843 1352 patritios
861 1269 968 1353 primo
988 1289 1061 1334 esse
1077 1269 1191 1346 factos

239 1396 305 1440 non
332 1378 372 1441 de
396 1377 488 1441 coelo
514 1378 718 1442 demissos?“

603 1607 712 1670 LXVI.

120 1748 172 1816 In
195 1747 419 1816 studiorum
445 1746 707 1817 humanitatis
738 1764 876 1817 osores
899 1746 1193 1818 Aristotelicum

290 1853 543 1941 disciplinam
566 1853 642 1923 sibi
665 1853 767 1923 falso
791 1857 1031 1942 arrogantes.

328 2016 570 2080 Contemnendi
611 2018 688 2078 sunt
723 2017 756 2078 et
793 2015 952 2081 irridendi
991 2036 1192 2098 magnopere

238 2122 399 2204 plerique,
424 2121 482 2202 qui
507 2142 546 2184 eo
568 2142 603 2185 se
620 2122 852 2185 Aristotelicos
876 2122 1078 2196 existimant,
1103 2123 1193 2205 quod

238 2227 454 2292 humanitatis
483 2227 596 2292 studia
626 2230 659 2292 et
682 2229 908 2310 eloquentiam
932 2230 1088 2305 oderunt,
1118 2228 1193 2294 falsi

241 2334 546 2416 lib1·is‚quivulgo
576 2335 610 2398 in
642 2335 813 2399 nonnullis
843 2336 966 2400 scholis
996 2338 1193 2415 tractantur,

173 2444 191 2504 5
239 2441 426 2522 dequibus
454 2441 488 2504 in
513 2442 705 2506 Aristotelis
735 2443 803 2506 vita
831 2442 1000 2506 Guarinus
1023 2444 1193 2506 Veronen-

240 2547 284 2610 sis
296 2548 332 2631 ¹),
363 2549 412 2611 vir
433 2549 579 2612 Graecae
604 2548 810 2630 Latinaeque
842 2548 1070 2613 doctissimus:
1107 2549 1194 2627 „Sed

215 2643 306 2717 'non
331 2657 410 2717 sunt
428 2654 564 2736 (inquit)
588 2653 635 2718 illi
649 2654 838 2719 Aristotelis
862 2655 938 2718 libri
963 2675 1033 2735 nee,
1057 2657 1085 2720 si
1106 2655 1194 2720 vivat

240 2760 324 2841 ipse,
348 2780 426 2825 suos
451 2760 516 2824 dici
541 2761 636 2837 velit,
664 2762 723 2825 sed
747 2781 859 2825 merae
883 2763 1119 2826 translatorum
1143 2763 1194 2825 in-

240 2866 359 2946 eptiae.
407 2867 466 2931 Ille
496 2867 718 2949 politissimus
750 2867 891 2951 scriptor
923 2888 996 2932 esse
1026 2869 1131 2934 voluit
1161 2871 1194 2933 et

239 2972 322 3053 quid
353 2973 477 3049 voluit,
513 2975 640 3037 curavit
669 2977 701 3037 et
733 2975 821 3056 quod
846 2975 989 3046 curarit,
1021 2981 1194 3039 assecutus

239 3083 320 3142 est.“
369 3079 412 3143 El
436 3082 512 3162 post
545 3099 651 3161 pauca
689 3080 777 3145 idem
803 3081 1007 3165 Guarinusl)
1042 3082 1193 3148 subiicit:

242 3184 424 3262 „Desinant
458 3185 560 3266 igitur
588 3186 645 3251 isti
677 3208 716 3251 ex
747 3186 887 3252 infantia
916 3207 977 3252 sua
1004 3188 1194 3254 Aristotelis

240 3293 431 3358 facundiam
460 3293 583 3372 metiri,
620 3314 695 3358 nam
728 3294 786 3375 qui
821 3314 954 3371 eorum,
990 3296 1046 3377 qui
1083 3297 1194 3360 aetate

243 3401 357 3462 nostra
382 3399 602 3482 philosophos
626 3420 662 3463 se
690 3401 805 3464 haberi
831 3401 963 3479 volunt,
990 3403 1116 3483 primas
1141 3403 1194 3467 lit-

177 3509 189 3539 s
242 3507 331 3568 teras
355 3506 494 3570 tenent?
534 3507 635 3588 Rapli
662 3508 702 3571 de
720 3507 942 3589 grammaticis
967 3507 1136 3572 immaturi
1162 3511 1195 3572 et

241 3613 340 3675 rudes
372 3615 407 3676 et
438 3613 529 3693 pleni
560 3613 670 3677 adhuc
697 3612 877 3695 puerilium
906 3615 1120 3678 tenebrarum
1152 3614 1201 3704 ad¹

240 3738 279 3782 ea
305 3723 488 3801 properant
519 3719 704 3800 audienda,
736 3740 880 3801 quorum
910 3740 972 3783 nec
1003 3722 1104 3784 verba
1134 3740 1195 3785 nec

240 3824 424 3906 significata
448 3825 639 3908 intelligunt
666 3845 705 3890 ac
733 3846 842 3890 rerum
872 3826 1019 3908 ipsarum
1044 3827 1097 3891 vix
1121 3847 1195 3892 um-

240 3931 335 3997 bram
369 3933 537 4016 quandam
572 3935 777 3997 intuentur.“
817 3933 907 3997 Haec
943 3936 976 3996 et
999 3934 1095 4014 plura
1128 3933 1193 3999 ille.

241 4039 523 4124 Trapezuntiusss)
547 4059 626 4102 vero
659 4038 693 4103 in
723 4039 898 4103 rhetoricis
928 4040 1008 4104 haec
1039 4041 1195 4104 eruditis-

240 4144 324 4209 sime
348 4147 474 4227 scripta
504 4146 655 4229 reliquit,
690 4165 775 4228 quae
803 4145 855 4209 hic
885 4145 1016 4210 libitum
1040 4150 1091 4210 est
1115 4147 1195 4211 sub-

241 4250 359 4316 iicere:
386 4251 524 4330 „Omnis
548 4252 686 4316 scientia
709 4256 743 4317 et
761 4253 922 4332 doctrina,
947 4252 1010 4317 nisi
1035 4253 1195 4335 eloquen-

241 4359 308 4423 tiae
331 4357 459 4442 fulgore
483 4358 635 4441 nitescat,
664 4350 797 4424 sordida
819 4360 985 4441 quaedam
1009 4362 1043 4423 et
1066 4379 1194 4444 aspera,
