2632 4718
606 710 827 771 ..38-

188 889 229 950 15
256 885 315 948 Est
339 903 499 949 concessa
521 884 634 950 brevis
657 884 787 948 miseris
811 883 1010 948 mortalibus
1032 886 1124 947 aetas

296 991 455 1072 Exposita
478 991 666 1055 innumeris
691 990 843 1072 pestibus
867 992 968 1072 atque
993 990 1100 1054 malis,

253 1097 434 1162 Immodico
458 1098 564 1162 mavis
588 1097 675 1161 hanc
699 1099 726 1161 si
751 1116 948 1162 consumere
973 1116 1099 1171 somne,

297 1204 396 1269 Haud
420 1203 594 1268 hominum
617 1203 774 1285 cuiquam
799 1223 866 1268 nou
890 1202 1027 1267 odiosus
1051 1203 1129 1265 eris.

258 1309 428 1374 Abiicient
452 1311 566 1392 superi
590 1310 684 1374 vultu
708 1314 767 1374 tua
790 1311 878 1374 dona
901 1309 1057 1392 superbo.

187 1419 229 1480 20
298 1415 469 1480 Desidiam
492 1416 610 1480 ludent
634 1415 757 1480 femina
781 1417 897 1498 virque
921 1417 1024 1480 tuam.

254 1523 341 1586 Dum
365 1541 419 1586 res
443 1521 552 1586 vicino
576 1522 698 1585 sudore
722 1522 882 1586 accrescit
906 1526 939 1585 et
963 1523 1044 1593 arte,

299 1629 390 1692 Pane
414 1629 475 1693 tibi
499 1631 627 1693 crescet
651 1627 828 1693 deficiente
853 1629 968 1693 fames.

253 1734 416 1798 Omnibus
440 1734 474 1798 in
498 1734 588 1812 vicis,
613 1737 684 1800 tota
707 1735 921 1800 infamaberis
945 1735 1038 1811 urbe,

298 1840 346 1905 Te
371 1841 476 1906 macie
501 1837 639 1924 dignum
662 1841 796 1923 publica
818 1840 907 1905 fama
930 1843 1038 1905 canet.

187 1950 230 2011 25
255 1947 373 2026 Qualis
397 1948 432 2011 in
456 1947 597 2012 hiberno
621 1967 759 2031 serpens
783 1948 1007 2030 exstinguitur
1030 1950 1135 2021 antro,

305 2053 450 2120 Horrida
474 2074 549 2119 cum
574 2054 671 2137 longo
695 2053 815 2137 frigore
839 2055 923 2119 silva
948 2054 1040 2136 riget,

256 2160 347 2225 Talis
372 2162 413 2225 ab
437 2161 499 2224 lroc
523 2160 614 2225 omni
638 2162 763 2225 mundo
788 2160 860 2224 sine
886 2161 984 2225 laude
1009 2159 1176 2242 migrabis,

302 2267 415 2348 Atque
438 2267 527 2331 volet
551 2286 672 2330 nomen
696 2287 794 2330 nemo
820 2267 943 2330 referre
967 2271 1073 2331 tuum.

254 2374 326 2436 Rex
350 2391 509 2454 superum
536 2372 688 2437 Christus
713 2393 826 2437 servos
851 2373 985 2455 vigilare
1009 2372 1126 2436 fideles

188 2482 230 2543 30
299 2479 399 2543 lussit
421 2479 456 2543 in
480 2480 679 2561 obsequium
706 2482 772 2544 iam
797 2479 962 2544 venientis
986 2480 1066 2543 lieri.

254 2586 441 2666 Discipulos
465 2586 555 2650 idem
579 2605 698 2668 magno
723 2592 858 2669 torpore
883 2588 1033 2669 sepultos

299 2692 468 2775 Increpuil
492 2695 606 2757 nostro
630 2695 802 2774 praeditus
826 2714 882 2757 ore
907 2693 1000 2757 deus.

257 2798 449 2881 „Numquid
472 2805 562 2875 vos“‚
587 2800 705 2881 inquit,
732 2801 918 2877 „modicum
943 2798 1077 2879 vigilare
1102 2800 1241 2880 potestis

300 2905 452 2969 Mecum?
477 2905 563 2983 Quid
588 2908 702 2970 tantus
725 2928 784 2972 ros
808 2906 930 2988 premit
954 2926 1061 2987 usque
1085 2905 1226 2986 sopor?“

191 3013 231 3076 35
257 3012 381 3076 Somno
406 3012 590 3093 languescit
614 3032 745 3096 corpus,
770 3033 955 3094 sensusque
980 3013 1132 3094 ligantur,

299 3117 374 3181 Vita
399 3117 490 3199 sugit,
515 3118 637 3182 mentis
663 3118 783 3183 nobilis
808 3138 888 3181 usus
913 3119 1016 3183 abest.

253 3223 402 3288 llludunl
425 3226 517 3289 vario
542 3226 664 3289 multae
688 3227 921 3307 phantasmate
945 3225 1081 3295 ferinae,

299 3329 459 3409 Callidus
484 3333 522 3394 ut
547 3332 655 3415 capiat
679 3336 824 3414 pectora,
850 3333 991 3396 daemon
1016 3331 1119 3394 adest.

256 3437 354 3500 Nunc
375 3436 512 3519 vigilent
536 3437 697 3514 homines,
723 3439 856 3520 longum
881 3441 957 3519 post
981 3437 1048 3501 sata
1071 3437 1253 3519 quiescent,

189 3546 232 3605 40
303 3543 400 3606 Nunc
424 3547 582 3626 pugnent,
607 3546 699 3609 coelo
723 3565 786 3628 pax
812 3545 1011 3628 requiesque
1035 3545 1163 3608 manet!

680 3879 760 3943 XIX.

201 4018 261 4087 De
286 4022 440 4106 septem
463 4020 798 4107 pestilentissimis
823 4021 945 4090 animi
968 4020 1096 4090 nostri
1118 4020 1235 4089 vitiis.

212 4182 226 4241 l
255 4179 282 4243 O
307 4179 448 4244 nimium
473 4181 619 4256 demens,
643 4183 700 4264 qui
726 4203 807 4248 sano
832 4203 971 4264 corpore
996 4183 1125 4253 mentis,

300 4287 393 4364 Quae
417 4287 546 4370 gravius
570 4290 730 4368 cruciant,
755 4292 892 4354 ruluera
916 4291 1007 4355 nulla
1031 4290 1133 4355 ridel!
