<?xml version="1.0" encoding="UTF-8"?>
<!DOCTYPE html PUBLIC "-//W3C//DTD XHTML 1.0 Transitional//EN"
    "http://www.w3.org/TR/xhtml1/DTD/xhtml1-transitional.dtd">
<html xmlns="http://www.w3.org/1999/xhtml" xml:lang="en" lang="en">
 <head>
  <title>
</title>
<meta http-equiv="Content-Type" content="text/html;charset=utf-8" />
  <meta name='ocr-system' content='tesseract 3.04.00' />
  <meta name='ocr-capabilities' content='ocr_page ocr_carea ocr_par ocr_line ocrx_word'/>
</head>
<body>
  <div class='ocr_page' id='page_1' title='image "./ausgewhltewerke00bmgoog_0237.png"; bbox 0 0 2632 4718; ppageno 0'>
   <div class='ocr_carea' id='block_1_1' title="bbox 608 707 826 771">
    <p class='ocr_par' dir='ltr' id='par_1_1' title="bbox 608 707 826 771">
     <span class='ocr_line' id='line_1_1' title="bbox 608 707 826 771; baseline 0.005 -18"><span class='ocrx_word' id='word_1_1' title='bbox 608 707 826 771; x_wconf 72' lang='lat'>..92-</span> 
     </span>
    </p>
   </div>
   <div class='ocr_carea' id='block_1_2' title="bbox 188 882 1129 1905">
    <p class='ocr_par' dir='ltr' id='par_1_2' title="bbox 188 882 1129 1905">
     <span class='ocr_line' id='line_1_2' title="bbox 274 882 1089 966; baseline 0.005 -21"><span class='ocrx_word' id='word_1_2' title='bbox 274 882 343 946; x_wconf 89' lang='lat' dir='ltr'>Nec</span> <span class='ocrx_word' id='word_1_3' title='bbox 366 882 497 964; x_wconf 88' lang='lat' dir='ltr'>capitur</span> <span class='ocrx_word' id='word_1_4' title='bbox 521 883 588 947; x_wconf 88' lang='lat' dir='ltr'>loto</span> <span class='ocrx_word' id='word_1_5' title='bbox 612 901 673 946; x_wconf 90' lang='lat' dir='ltr'>nec</span> <span class='ocrx_word' id='word_1_6' title='bbox 698 882 820 947; x_wconf 89' lang='lat' dir='ltr'>Lesbia</span> <span class='ocrx_word' id='word_1_7' title='bbox 843 885 962 966; x_wconf 86' lang='lat' dir='ltr'>pocula</span> <span class='ocrx_word' id='word_1_8' title='bbox 986 887 1089 962; x_wconf 88' lang='lat' dir='ltr'>curat,</span> 
     </span>
     <span class='ocr_line' id='line_1_3' title="bbox 319 987 1041 1069; baseline 0.007 -19"><span class='ocrx_word' id='word_1_9' title='bbox 319 987 474 1052; x_wconf 81' lang='lat' dir='ltr'><strong>Sirenum</strong></span> <span class='ocrx_word' id='word_1_10' title='bbox 497 987 580 1053; x_wconf 77' lang='lat' dir='ltr'>vitat</span> <span class='ocrx_word' id='word_1_11' title='bbox 603 989 762 1069; x_wconf 76' lang='lat' dir='ltr'>carmina,</span> <span class='ocrx_word' id='word_1_12' title='bbox 786 988 868 1054; x_wconf 83' lang='lat' dir='ltr'>uitat</span> <span class='ocrx_word' id='word_1_13' title='bbox 890 991 1041 1055; x_wconf 87' lang='lat' dir='ltr'>humum!</span> 
     </span>
     <span class='ocr_line' id='line_1_4' title="bbox 207 1093 1046 1179; baseline 0.005 -22"><span class='ocrx_word' id='word_1_14' title='bbox 207 1095 249 1157; x_wconf 75' lang='lat'>95</span> <span class='ocrx_word' id='word_1_15' title='bbox 274 1094 302 1159; x_wconf 94' lang='grc' dir='ltr'>Ο</span> <span class='ocrx_word' id='word_1_16' title='bbox 326 1093 446 1159; x_wconf 84' lang='lat' dir='ltr'>virtute</span> <span class='ocrx_word' id='word_1_17' title='bbox 471 1114 556 1160; x_wconf 86' lang='lat' dir='ltr'>nova</span> <span class='ocrx_word' id='word_1_18' title='bbox 579 1113 713 1177; x_wconf 86' lang='lat' dir='ltr'>semper</span> <span class='ocrx_word' id='word_1_19' title='bbox 736 1094 888 1161; x_wconf 87' lang='lat' dir='ltr'>mirabile</span> <span class='ocrx_word' id='word_1_20' title='bbox 912 1095 1046 1179; x_wconf 84' lang='lat' dir='ltr'>lignum,</span> 
     </span>
     <span class='ocr_line' id='line_1_5' title="bbox 318 1199 1037 1284; baseline 0.003 -20"><span class='ocrx_word' id='word_1_21' title='bbox 318 1199 469 1281; x_wconf 81' lang='lat' dir='ltr'>Effigiem</span> <span class='ocrx_word' id='word_1_22' title='bbox 493 1200 633 1265; x_wconf 85' lang='lat' dir='ltr'>daemon</span> <span class='ocrx_word' id='word_1_23' title='bbox 657 1200 751 1265; x_wconf 91' lang='lat' dir='ltr'>cuius</span> <span class='ocrx_word' id='word_1_24' title='bbox 774 1201 900 1284; x_wconf 89' lang='lat' dir='ltr'>ubique</span> <span class='ocrx_word' id='word_1_25' title='bbox 924 1202 1037 1266; x_wconf 88' lang='lat' dir='ltr'>timet!</span> 
     </span>
     <span class='ocr_line' id='line_1_6' title="bbox 275 1305 1121 1391; baseline 0.004 -21"><span class='ocrx_word' id='word_1_26' title='bbox 275 1307 455 1370; x_wconf 84' lang='lat' dir='ltr'>Caesareas</span> <span class='ocrx_word' id='word_1_27' title='bbox 479 1305 608 1388; x_wconf 84' lang='lat' dir='ltr'>aquilas</span> <span class='ocrx_word' id='word_1_28' title='bbox 631 1326 793 1390; x_wconf 88' lang='lat' dir='ltr'>spernens</span> <span class='ocrx_word' id='word_1_29' title='bbox 817 1309 850 1371; x_wconf 89' lang='lat' dir='ltr'>et</span> <span class='ocrx_word' id='word_1_30' title='bbox 874 1308 964 1391; x_wconf 80' lang='lat' dir='ltr'>regia</span> <span class='ocrx_word' id='word_1_31' title='bbox 987 1311 1121 1391; x_wconf 88' lang='lat' dir='ltr'>sceptra</span> 
     </span>
     <span class='ocr_line' id='line_1_7' title="bbox 316 1411 1059 1497; baseline 0.005 -21"><span class='ocrx_word' id='word_1_32' title='bbox 316 1412 375 1477; x_wconf 90' lang='lat' dir='ltr'>IIIe</span> <span class='ocrx_word' id='word_1_33' title='bbox 398 1411 504 1477; x_wconf 89' lang='lat' dir='ltr'>crucis</span> <span class='ocrx_word' id='word_1_34' title='bbox 527 1411 657 1495; x_wconf 79' lang='lat' dir='ltr'><strong>fugiens</strong></span> <span class='ocrx_word' id='word_1_35' title='bbox 683 1413 810 1479; x_wconf 87' lang='lat' dir='ltr'>iucluta</span> <span class='ocrx_word' id='word_1_36' title='bbox 834 1413 927 1497; x_wconf 80' lang='lat' dir='ltr'>signa</span> <span class='ocrx_word' id='word_1_37' title='bbox 948 1417 1059 1497; x_wconf 87' lang='lat' dir='ltr'>pavet.</span> 
     </span>
     <span class='ocr_line' id='line_1_8' title="bbox 275 1518 1129 1601; baseline 0.005 -19"><span class='ocrx_word' id='word_1_38' title='bbox 275 1518 369 1583; x_wconf 88' lang='lat' dir='ltr'>Hanc</span> <span class='ocrx_word' id='word_1_39' title='bbox 393 1519 623 1584; x_wconf 83' lang='lat' dir='ltr'>meditabundi</span> <span class='ocrx_word' id='word_1_40' title='bbox 647 1521 765 1586; x_wconf 89' lang='lat' dir='ltr'>crebro</span> <span class='ocrx_word' id='word_1_41' title='bbox 789 1520 985 1599; x_wconf 86' lang='lat' dir='ltr'>recolamus,</span> <span class='ocrx_word' id='word_1_42' title='bbox 1008 1521 1129 1601; x_wconf 81' lang='lat' dir='ltr'>amice3</span> 
     </span>
     <span class='ocr_line' id='line_1_9' title="bbox 188 1624 1123 1710; baseline 0.003 -23"><span class='ocrx_word' id='word_1_43' title='bbox 188 1628 250 1689; x_wconf 96' lang='grc'>100</span> <span class='ocrx_word' id='word_1_44' title='bbox 319 1624 391 1690; x_wconf 85' lang='lat' dir='ltr'>Hac</span> <span class='ocrx_word' id='word_1_45' title='bbox 415 1625 542 1690; x_wconf 87' lang='lat' dir='ltr'>munita</span> <span class='ocrx_word' id='word_1_46' title='bbox 565 1624 648 1690; x_wconf 91' lang='lat' dir='ltr'>nibil</span> <span class='ocrx_word' id='word_1_47' title='bbox 672 1627 807 1710; x_wconf 76' lang='lat' dir='ltr'>pectora</span> <span class='ocrx_word' id='word_1_48' title='bbox 831 1629 945 1692; x_wconf 86' lang='lat' dir='ltr'>nostra</span> <span class='ocrx_word' id='word_1_49' title='bbox 968 1629 1123 1692; x_wconf 89' lang='lat' dir='ltr'>tremant.</span> 
     </span>
     <span class='ocr_line' id='line_1_10' title="bbox 274 1729 1089 1814; baseline 0.002 -19"><span class='ocrx_word' id='word_1_50' title='bbox 274 1729 329 1795; x_wconf 87' lang='lat' dir='ltr'>Sic</span> <span class='ocrx_word' id='word_1_51' title='bbox 353 1734 587 1796; x_wconf 70' lang='lat' dir='ltr'>consumentes</span> <span class='ocrx_word' id='word_1_52' title='bbox 611 1732 792 1814; x_wconf 85' lang='lat' dir='ltr'>praeclaris</span> <span class='ocrx_word' id='word_1_53' title='bbox 815 1731 944 1797; x_wconf 88' lang='lat' dir='ltr'>artibus</span> <span class='ocrx_word' id='word_1_54' title='bbox 969 1752 1089 1797; x_wconf 88' lang='lat' dir='ltr'>aevum</span> 
     </span>
     <span class='ocr_line' id='line_1_11' title="bbox 318 1836 1110 1905; baseline 0.004 -4"><span class='ocrx_word' id='word_1_55' title='bbox 318 1837 444 1902; x_wconf 84' lang='lat' dir='ltr'>Lucida</span> <span class='ocrx_word' id='word_1_56' title='bbox 467 1836 641 1903; x_wconf 81' lang='lat' dir='ltr'>defunctos</span> <span class='ocrx_word' id='word_1_57' title='bbox 665 1838 820 1903; x_wconf 88' lang='lat' dir='ltr'>Christus</span> <span class='ocrx_word' id='word_1_58' title='bbox 844 1839 879 1904; x_wconf 92' lang='lat' dir='ltr'>in</span> <span class='ocrx_word' id='word_1_59' title='bbox 903 1843 994 1904; x_wconf 84' lang='lat' dir='ltr'>astra</span> <span class='ocrx_word' id='word_1_60' title='bbox 1017 1840 1110 1905; x_wconf 84' lang='lat' dir='ltr'>terat.</span> 
     </span>
    </p>
   </div>
   <div class='ocr_carea' id='block_1_3' title="bbox 610 2017 821 2029">
    <p class='ocr_par' dir='ltr' id='par_1_3' title="bbox 610 2017 821 2029">
     <span class='ocr_line' id='line_1_12' title="bbox 610 2017 821 2029; baseline 0.005 -4"><span class='ocrx_word' id='word_1_61' title='bbox 610 2017 821 2029; x_wconf 63' lang='lat'>—————--</span> 
     </span>
    </p>
   </div>
   <div class='ocr_carea' id='block_1_4' title="bbox 184 2159 1247 2387">
    <p class='ocr_par' dir='ltr' id='par_1_4' title="bbox 184 2159 1247 2387">
     <span class='ocr_line' id='line_1_13' title="bbox 673 2159 760 2223; baseline 0.023 -2"><span class='ocrx_word' id='word_1_62' title='bbox 673 2159 760 2223; x_wconf 91' lang='lat' dir='ltr'>XIII.</span> 
     </span>
     <span class='ocr_line' id='line_1_14' title="bbox 184 2297 1247 2387; baseline 0.003 -20"><span class='ocrx_word' id='word_1_63' title='bbox 184 2298 244 2367; x_wconf 87' lang='lat' dir='ltr'>De</span> <span class='ocrx_word' id='word_1_64' title='bbox 261 2297 498 2368; x_wconf 83' lang='lat' dir='ltr'>testimoniis</span> <span class='ocrx_word' id='word_1_65' title='bbox 510 2302 729 2385; x_wconf 80' lang='lat' dir='ltr'>martyrum</span> <span class='ocrx_word' id='word_1_66' title='bbox 747 2302 787 2368; x_wconf 83' lang='lat' dir='ltr'>et</span> <span class='ocrx_word' id='word_1_67' title='bbox 799 2299 991 2387; x_wconf 86' lang='lat' dir='ltr'>exemplis</span> <span class='ocrx_word' id='word_1_68' title='bbox 1007 2303 1247 2370; x_wconf 83' lang='lat' dir='ltr'>sanctorum.</span> 
     </span>
    </p>
   </div>
   <div class='ocr_carea' id='block_1_5' title="bbox 187 2459 1251 4357">
    <p class='ocr_par' dir='ltr' id='par_1_5' title="bbox 187 2459 1251 4357">
     <span class='ocr_line' id='line_1_15' title="bbox 210 2459 1059 2541; baseline -0.002 -16"><span class='ocrx_word' id='word_1_69' title='bbox 210 2463 221 2525; x_wconf 89' lang='lat' dir='ltr'>I</span> <span class='ocrx_word' id='word_1_70' title='bbox 253 2461 296 2525; x_wconf 92' lang='lat' dir='ltr'>Ut</span> <span class='ocrx_word' id='word_1_71' title='bbox 320 2463 448 2525; x_wconf 86' lang='lat' dir='ltr'>taceam</span> <span class='ocrx_word' id='word_1_72' title='bbox 472 2459 574 2525; x_wconf 90' lang='lat' dir='ltr'>sacris</span> <span class='ocrx_word' id='word_1_73' title='bbox 598 2460 756 2524; x_wconf 83' lang='lat' dir='ltr'>miracula</span> <span class='ocrx_word' id='word_1_74' title='bbox 780 2459 911 2541; x_wconf 90' lang='lat' dir='ltr'>prodita</span> <span class='ocrx_word' id='word_1_75' title='bbox 936 2461 1059 2524; x_wconf 82' lang='lat' dir='ltr'>dextris</span> 
     </span>
     <span class='ocr_line' id='line_1_16' title="bbox 295 2565 1000 2645; baseline 0 -15"><span class='ocrx_word' id='word_1_76' title='bbox 295 2566 338 2630; x_wconf 87' lang='lat' dir='ltr'>Et</span> <span class='ocrx_word' id='word_1_77' title='bbox 361 2586 480 2631; x_wconf 86' lang='lat' dir='ltr'>vocum</span> <span class='ocrx_word' id='word_1_78' title='bbox 504 2565 668 2630; x_wconf 76' lang='lat' dir='ltr'>celebrem</span> <span class='ocrx_word' id='word_1_79' title='bbox 693 2566 866 2630; x_wconf 87' lang='lat' dir='ltr'>nobilitate</span> <span class='ocrx_word' id='word_1_80' title='bbox 889 2565 1000 2645; x_wconf 88' lang='lat' dir='ltr'>fidem,</span> 
     </span>
     <span class='ocr_line' id='line_1_17' title="bbox 251 2671 1112 2755; baseline -0.001 -18"><span class='ocrx_word' id='word_1_81' title='bbox 251 2672 395 2755; x_wconf 83' lang='lat' dir='ltr'>ReIIigio</span> <span class='ocrx_word' id='word_1_82' title='bbox 419 2671 542 2737; x_wconf 91' lang='lat' dir='ltr'>Christi</span> <span class='ocrx_word' id='word_1_83' title='bbox 565 2691 667 2755; x_wconf 85' lang='lat' dir='ltr'>quam</span> <span class='ocrx_word' id='word_1_84' title='bbox 690 2673 813 2736; x_wconf 88' lang='lat' dir='ltr'>sanctis</span> <span class='ocrx_word' id='word_1_85' title='bbox 837 2673 981 2736; x_wconf 82' lang='lat' dir='ltr'>testibus</span> <span class='ocrx_word' id='word_1_86' title='bbox 1005 2676 1112 2753; x_wconf 85' lang='lat' dir='ltr'>aucta,</span> 
     </span>
     <span class='ocr_line' id='line_1_18' title="bbox 295 2778 1005 2856; baseline 0 -13"><span class='ocrx_word' id='word_1_87' title='bbox 295 2780 402 2856; x_wconf 87' lang='lat' dir='ltr'>Quam</span> <span class='ocrx_word' id='word_1_88' title='bbox 427 2799 508 2844; x_wconf 89' lang='lat' dir='ltr'>sane</span> <span class='ocrx_word' id='word_1_89' title='bbox 532 2779 636 2845; x_wconf 89' lang='lat' dir='ltr'>doctis</span> <span class='ocrx_word' id='word_1_90' title='bbox 661 2787 712 2844; x_wconf 90' lang='lat' dir='ltr'>est</span> <span class='ocrx_word' id='word_1_91' title='bbox 736 2778 885 2844; x_wconf 86' lang='lat' dir='ltr'>stabilita</span> <span class='ocrx_word' id='word_1_92' title='bbox 907 2779 1005 2843; x_wconf 80' lang='lat' dir='ltr'>viris!</span> 
     </span>
     <span class='ocr_line' id='line_1_19' title="bbox 207 2884 995 2968; baseline -0.001 -18"><span class='ocrx_word' id='word_1_93' title='bbox 207 2889 226 2950; x_wconf 74' lang='lat'>5</span> <span class='ocrx_word' id='word_1_94' title='bbox 250 2884 369 2949; x_wconf 80' lang='lat' dir='ltr'>Inuicti</span> <span class='ocrx_word' id='word_1_95' title='bbox 393 2886 493 2948; x_wconf 92' lang='lat' dir='ltr'>duros</span> <span class='ocrx_word' id='word_1_96' title='bbox 516 2904 671 2967; x_wconf 78' lang='lat' dir='ltr'>proceres</span> <span class='ocrx_word' id='word_1_97' title='bbox 695 2887 804 2950; x_wconf 85' lang='lat' dir='ltr'>vicere</span> <span class='ocrx_word' id='word_1_98' title='bbox 827 2889 995 2968; x_wconf 80' lang='lat' dir='ltr'>tyrannos,</span> 
     </span>
     <span class='ocr_line' id='line_1_20' title="bbox 297 2990 983 3075; baseline 0.001 -20"><span class='ocrx_word' id='word_1_99' title='bbox 297 2990 466 3074; x_wconf 84' lang='lat' dir='ltr'>Sanguine</span> <span class='ocrx_word' id='word_1_100' title='bbox 490 2991 603 3055; x_wconf 86' lang='lat' dir='ltr'>testati</span> <span class='ocrx_word' id='word_1_101' title='bbox 627 2993 851 3075; x_wconf 87' lang='lat' dir='ltr'>martyrioque</span> <span class='ocrx_word' id='word_1_102' title='bbox 875 2995 983 3058; x_wconf 87' lang='lat' dir='ltr'>deum.</span> 
     </span>
     <span class='ocr_line' id='line_1_21' title="bbox 251 3098 994 3176; baseline 0 -13"><span class='ocrx_word' id='word_1_103' title='bbox 251 3099 397 3164; x_wconf 87' lang='lat' dir='ltr'>Fortiter</span> <span class='ocrx_word' id='word_1_104' title='bbox 421 3098 593 3162; x_wconf 77' lang='lat' dir='ltr'>obstantes</span> <span class='ocrx_word' id='word_1_105' title='bbox 617 3098 700 3162; x_wconf 93' lang='lat' dir='ltr'>nulli</span> <span class='ocrx_word' id='word_1_106' title='bbox 724 3118 854 3163; x_wconf 86' lang='lat' dir='ltr'>cessere</span> <span class='ocrx_word' id='word_1_107' title='bbox 879 3100 994 3176; x_wconf 75' lang='lat' dir='ltr'>dolori,</span> 
     </span>
     <span class='ocr_line' id='line_1_22' title="bbox 296 3205 966 3271; baseline 0 -3"><span class='ocrx_word' id='word_1_108' title='bbox 296 3206 482 3268; x_wconf 89' lang='lat' dir='ltr'>Poenarum</span> <span class='ocrx_word' id='word_1_109' title='bbox 507 3205 615 3269; x_wconf 86' lang='lat' dir='ltr'>varios</span> <span class='ocrx_word' id='word_1_110' title='bbox 639 3206 817 3269; x_wconf 84' lang='lat' dir='ltr'>edomuere</span> <span class='ocrx_word' id='word_1_111' title='bbox 841 3207 966 3271; x_wconf 77' lang='lat' dir='ltr'>modos</span> 
     </span>
     <span class='ocr_line' id='line_1_23' title="bbox 251 3310 1088 3400; baseline 0.002 -25"><span class='ocrx_word' id='word_1_112' title='bbox 251 3311 358 3376; x_wconf 87' lang='lat' dir='ltr'>Tanta</span> <span class='ocrx_word' id='word_1_113' title='bbox 382 3311 445 3400; x_wconf 88' lang='lat' dir='ltr'>sub</span> <span class='ocrx_word' id='word_1_114' title='bbox 470 3310 600 3375; x_wconf 84' lang='lat' dir='ltr'>ardenti</span> <span class='ocrx_word' id='word_1_115' title='bbox 626 3311 785 3393; x_wconf 81' lang='lat' dir='ltr'>regnabat</span> <span class='ocrx_word' id='word_1_116' title='bbox 809 3314 946 3392; x_wconf 87' lang='lat' dir='ltr'>pectore</span> <span class='ocrx_word' id='word_1_117' title='bbox 971 3312 1088 3392; x_wconf 81' lang='lat' dir='ltr'>virtus,</span> 
     </span>
     <span class='ocr_line' id='line_1_24' title="bbox 187 3417 1017 3500; baseline 0.001 -19"><span class='ocrx_word' id='word_1_118' title='bbox 187 3421 228 3483; x_wconf 88' lang='lat'>10</span> <span class='ocrx_word' id='word_1_119' title='bbox 297 3417 427 3482; x_wconf 86' lang='lat' dir='ltr'>Incluta</span> <span class='ocrx_word' id='word_1_120' title='bbox 450 3418 604 3483; x_wconf 83' lang='lat' dir='ltr'>firmabat</span> <span class='ocrx_word' id='word_1_121' title='bbox 628 3418 754 3483; x_wconf 87' lang='lat' dir='ltr'>viscera</span> <span class='ocrx_word' id='word_1_122' title='bbox 777 3421 890 3484; x_wconf 87' lang='lat' dir='ltr'>tantus</span> <span class='ocrx_word' id='word_1_123' title='bbox 915 3439 1017 3500; x_wconf 78' lang='lat' dir='ltr'>amor,</span> 
     </span>
     <span class='ocr_line' id='line_1_25' title="bbox 251 3523 1145 3609; baseline 0.002 -21"><span class='ocrx_word' id='word_1_124' title='bbox 251 3525 295 3588; x_wconf 94' lang='lat' dir='ltr'>Ut</span> <span class='ocrx_word' id='word_1_125' title='bbox 321 3523 445 3588; x_wconf 84' lang='lat' dir='ltr'>violare</span> <span class='ocrx_word' id='word_1_126' title='bbox 468 3523 568 3589; x_wconf 88' lang='lat' dir='ltr'>fidem</span> <span class='ocrx_word' id='word_1_127' title='bbox 592 3545 653 3589; x_wconf 88' lang='lat' dir='ltr'>nec</span> <span class='ocrx_word' id='word_1_128' title='bbox 677 3529 815 3608; x_wconf 89' lang='lat' dir='ltr'>possent</span> <span class='ocrx_word' id='word_1_129' title='bbox 839 3545 931 3590; x_wconf 85' lang='lat' dir='ltr'>arma</span> <span class='ocrx_word' id='word_1_130' title='bbox 956 3547 1017 3591; x_wconf 91' lang='lat' dir='ltr'>nec</span> <span class='ocrx_word' id='word_1_131' title='bbox 1042 3527 1145 3609; x_wconf 84' lang='lat' dir='ltr'>ignes,</span> 
     </span>
     <span class='ocr_line' id='line_1_26' title="bbox 296 3630 1034 3714; baseline 0.004 -20"><span class='ocrx_word' id='word_1_132' title='bbox 296 3630 371 3695; x_wconf 93' lang='lat' dir='ltr'>Non</span> <span class='ocrx_word' id='word_1_133' title='bbox 395 3632 628 3696; x_wconf 85' lang='lat' dir='ltr'>bacchabundi</span> <span class='ocrx_word' id='word_1_134' title='bbox 652 3631 816 3714; x_wconf 87' lang='lat' dir='ltr'>principis</span> <span class='ocrx_word' id='word_1_135' title='bbox 840 3631 890 3697; x_wconf 87' lang='lat' dir='ltr'>ira</span> <span class='ocrx_word' id='word_1_136' title='bbox 914 3633 1034 3697; x_wconf 88' lang='lat' dir='ltr'>minax.</span> 
     </span>
     <span class='ocr_line' id='line_1_27' title="bbox 255 3737 1251 3821; baseline 0.002 -21"><span class='ocrx_word' id='word_1_137' title='bbox 255 3737 388 3801; x_wconf 89' lang='lat' dir='ltr'>Primus</span> <span class='ocrx_word' id='word_1_138' title='bbox 411 3737 473 3801; x_wconf 89' lang='lat' dir='ltr'>init</span> <span class='ocrx_word' id='word_1_139' title='bbox 495 3757 640 3821; x_wconf 81' lang='lat' dir='ltr'>pugnam</span> <span class='ocrx_word' id='word_1_140' title='bbox 659 3739 861 3820; x_wconf 80' lang='lat' dir='ltr'>stephanus,</span> <span class='ocrx_word' id='word_1_141' title='bbox 886 3760 987 3821; x_wconf 89' lang='lat' dir='ltr'>quem</span> <span class='ocrx_word' id='word_1_142' title='bbox 1011 3759 1129 3803; x_wconf 81' lang='lat' dir='ltr'>saxeus</span> <span class='ocrx_word' id='word_1_143' title='bbox 1146 3740 1251 3803; x_wconf 91' lang='lat' dir='ltr'>imber</span> 
     </span>
     <span class='ocr_line' id='line_1_28' title="bbox 296 3844 999 3912; baseline 0.001 -5"><span class='ocrx_word' id='word_1_144' title='bbox 296 3844 456 3909; x_wconf 85' lang='lat' dir='ltr'>Contudit</span> <span class='ocrx_word' id='word_1_145' title='bbox 480 3847 512 3908; x_wconf 93' lang='lat' dir='ltr'>et</span> <span class='ocrx_word' id='word_1_146' title='bbox 536 3846 628 3910; x_wconf 88' lang='lat' dir='ltr'>coelo</span> <span class='ocrx_word' id='word_1_147' title='bbox 653 3845 744 3910; x_wconf 83' lang='lat' dir='ltr'>fulva</span> <span class='ocrx_word' id='word_1_148' title='bbox 767 3866 889 3912; x_wconf 91' lang='lat' dir='ltr'>corona</span> <span class='ocrx_word' id='word_1_149' title='bbox 913 3848 999 3911; x_wconf 86' lang='lat' dir='ltr'>beat.</span> 
     </span>
     <span class='ocr_line' id='line_1_29' title="bbox 188 3950 1092 4034; baseline 0.002 -21"><span class='ocrx_word' id='word_1_150' title='bbox 188 3954 226 4014; x_wconf 80' lang='grc'>15</span> <span class='ocrx_word' id='word_1_151' title='bbox 252 3950 351 4014; x_wconf 87' lang='lat' dir='ltr'>Hunc</span> <span class='ocrx_word' id='word_1_152' title='bbox 375 3953 453 4015; x_wconf 90' lang='lat' dir='ltr'>sunt</span> <span class='ocrx_word' id='word_1_153' title='bbox 476 3951 642 4016; x_wconf 91' lang='lat' dir='ltr'>innumeri</span> <span class='ocrx_word' id='word_1_154' title='bbox 667 3972 829 4034; x_wconf 83' lang='lat' dir='ltr'>generoso</span> <span class='ocrx_word' id='word_1_155' title='bbox 854 3954 952 4018; x_wconf 90' lang='lat' dir='ltr'>corde</span> <span class='ocrx_word' id='word_1_156' title='bbox 976 3951 1092 4028; x_wconf 87' lang='lat' dir='ltr'>secuti,</span> 
     </span>
     <span class='ocr_line' id='line_1_30' title="bbox 295 4057 948 4140; baseline 0.003 -21"><span class='ocrx_word' id='word_1_157' title='bbox 295 4057 441 4121; x_wconf 93' lang='lat' dir='ltr'>Irrubuit</span> <span class='ocrx_word' id='word_1_158' title='bbox 463 4077 604 4140; x_wconf 92' lang='lat' dir='ltr'>quorum</span> <span class='ocrx_word' id='word_1_159' title='bbox 628 4062 717 4124; x_wconf 89' lang='lat' dir='ltr'>terra</span> <span class='ocrx_word' id='word_1_160' title='bbox 741 4079 858 4124; x_wconf 90' lang='lat' dir='ltr'>cruore</span> <span class='ocrx_word' id='word_1_161' title='bbox 883 4058 948 4140; x_wconf 86' lang='lat' dir='ltr'>pio.</span> 
     </span>
     <span class='ocr_line' id='line_1_31' title="bbox 253 4162 1202 4248; baseline 0.004 -23"><span class='ocrx_word' id='word_1_162' title='bbox 253 4162 339 4226; x_wconf 86' lang='lat' dir='ltr'>Sunt</span> <span class='ocrx_word' id='word_1_163' title='bbox 362 4166 397 4227; x_wconf 88' lang='lat' dir='ltr'>et</span> <span class='ocrx_word' id='word_1_164' title='bbox 420 4167 533 4228; x_wconf 90' lang='lat' dir='ltr'>mente</span> <span class='ocrx_word' id='word_1_165' title='bbox 558 4165 665 4248; x_wconf 84' lang='lat' dir='ltr'>proba</span> <span class='ocrx_word' id='word_1_166' title='bbox 689 4164 810 4230; x_wconf 88' lang='lat' dir='ltr'>summi</span> <span class='ocrx_word' id='word_1_167' title='bbox 834 4165 890 4248; x_wconf 87' lang='lat' dir='ltr'>qui</span> <span class='ocrx_word' id='word_1_168' title='bbox 916 4166 1044 4230; x_wconf 88' lang='lat' dir='ltr'>culmen</span> <span class='ocrx_word' id='word_1_169' title='bbox 1070 4165 1202 4248; x_wconf 81' lang='lat' dir='ltr'>Olympi</span> 
     </span>
     <span class='ocr_line' id='line_1_32' title="bbox 296 4269 975 4357; baseline 0.007 -25"><span class='ocrx_word' id='word_1_170' title='bbox 296 4269 463 4336; x_wconf 85' lang='lat' dir='ltr'>Scandere</span> <span class='ocrx_word' id='word_1_171' title='bbox 488 4271 591 4337; x_wconf 90' lang='lat' dir='ltr'>divini</span> <span class='ocrx_word' id='word_1_172' title='bbox 614 4292 829 4357; x_wconf 87' lang='lat' dir='ltr'>promeruere</span> <span class='ocrx_word' id='word_1_173' title='bbox 852 4275 975 4355; x_wconf 77' lang='lat' dir='ltr'>patreS,</span> 
     </span>
    </p>
   </div>
   <div class='ocr_carea' id='block_1_6' title="bbox 0 0 1320 4718">
    <p class='ocr_par' dir='ltr' id='par_1_6' title="bbox 0 0 1320 4718">
     <span class='ocr_line' id='line_1_33' title="bbox 0 0 1320 4718; baseline 0 0"><span class='ocrx_word' id='word_1_174' title='bbox 0 0 1320 4718; x_wconf 95' lang='lat' dir='ltr'> </span> 
     </span>
    </p>
   </div>
  </div>
 </body>
</html>
