2632 4718
608 691 920 763 -40-,

297 871 355 934 Est
379 868 470 937 nihil.
494 871 545 933 ast
568 868 679 932 animo
703 886 793 931 mors
817 865 1007 931 dominatur
1030 869 1132 931 atrox.

253 977 437 1058 Splendida
461 972 625 1055 magnifici
650 975 760 1037 cernis
784 972 935 1038 eorrviria
959 972 1055 1055 regis

195 1135 200 1146 .
296 1081 455 1147 Astantes
479 1099 612 1164 pueros
637 1100 740 1145 aurea
762 1099 842 1144 vasa
865 1079 973 1158 rides;

253 1188 348 1252 Illius
373 1190 518 1251 mentem
543 1187 570 1251 si
595 1188 677 1252 forte
701 1185 815 1250 videre
839 1185 963 1261 liceret,

186 1298 229 1358 40
297 1295 419 1358 Ulcera
442 1293 650 1377 perspiceres
675 1291 861 1356 sordidiora
886 1292 966 1366 luto,

253 1399 450 1464 Innumeras
473 1401 587 1481 pestes
611 1403 646 1463 et
669 1397 815 1480 plurima
838 1400 988 1462 monstra
1012 1398 1152 1472 videres,

296 1506 431 1570 Inferno
456 1506 555 1587 longe
579 1505 655 1586 plus
678 1504 836 1586 fugienda
860 1524 952 1569 cane.

685 1838 751 1902 XX.

377 1976 441 2047 Ad
463 1977 680 2047 Henrioum
703 1975 916 2047 cellarium
940 1995 1060 2047 suurn.

214 2144 227 2202 l
257 2139 306 2203 Te
331 2139 452 2203 merito
476 2138 585 2213 laudo,
609 2137 727 2201 rnerito
750 2140 782 2202 te
807 2138 916 2214 miror,
942 2137 1055 2213 amice,

301 2246 365 2324 Qui
389 2265 502 2310 sacrae
527 2244 663 2326 sophiae
687 2247 783 2308 nocie
808 2245 927 2324 dieque
951 2245 1075 2307 studes.

264 2352 357 2415 Haec
380 2353 451 2415 sola
475 2352 525 2414 est
548 2352 689 2432 requies
712 2351 794 2414 haec
818 2352 868 2412 est
890 2349 1057 2415 tutissima
1080 2352 1185 2429 sedes,

300 2458 371 2521 Hoc
396 2461 447 2521 est
471 2459 629 2531 solamen,
654 2457 706 2520 lric
730 2477 910 2538 generosus
935 2476 1036 2520 arnor.

213 2569 231 2628 ἵ)
258 2563 415 2645 Undique
439 2564 617 2626 turbantur
641 2564 754 2646 populi
778 2563 987 2627 discordibus
1012 2564 1122 2636 arinis,

302 2671 405 2734 Plena
430 2669 524 2734 malis
548 2670 656 2744 tellus,
682 2671 780 2751 plena
805 2670 928 2733 doloris
954 2690 1049 2751 aqua.

257 2777 393 2858 Optima
418 2777 568 2840 ridentur
591 2777 700 2857 magni
724 2782 903 2858 praecepio
927 2779 1076 2842 torrentis

307 2883 383 2946 Non
405 2883 515 2963 prisca
539 2883 658 2946 colitur
681 2883 839 2964 religione
864 2885 956 2946 deus.

256 2988 293 3051 ln
318 2990 476 3052 iniserurn
503 2990 620 3070 vulgus
644 2992 746 3053 totanr
773 3009 839 3051 uon
864 2989 998 3053 contero
1022 2991 1165 3070 culpant,

192 3098 233 3159 lt)
301 3095 431 3159 Accuso
456 3096 608 3160 dominos
633 3096 691 3159 scd
716 3097 819 3176 magis
844 3099 943 3176 atquc
969 3096 1079 3159 duces.

258 3202 401 3266 Parendi
426 3201 535 3282 dignis
560 3200 588 3263 si
612 3221 684 3265 mos
708 3206 803 3265 vetus
829 3203 883 3265 ille
908 3205 1066 3277 maneret,

301 3309 474 3372 Florerent
499 3309 608 3382 urbes,
633 3309 883 3391 pocrcolerentur
907 3308 990 3389 agri.

256 3414 355 3477 Nunc
381 3413 506 3494 passim
531 3413 643 3477 stultis
668 3414 787 3478 sunnni
812 3416 1006 3477 tribuuntur
1031 3415 1185 3494 horrores,

303 3519 432 3583 Indocti
457 3523 597 3600 regnant
631 3520 891 3601 imperitantqnc
916 3521 1004 3584 rnali.

199 3627 236 3688 to
264 3625 338 3688 Non
364 3629 472 3689 rectae
497 3627 581 3689 ratio
605 3625 702 3699 vitae,
728 3647 792 3689 non
817 3627 897 3690 artis
921 3628 1072 3700 liabetur,

303 3731 482 3796 Pontifices
506 3732 641 3813 sanguis
667 3733 870 3815 divinaeque
895 3737 1019 3797 creant.

257 3838 637 3914 Sunnnasacerdotu1n‚
663 3841 745 3922 proli
770 3841 926 3921 luppiter
950 3841 1044 3912 atine,
1069 3842 1190 3921 cupido

302 3947 456 4027 Suggerit
480 3946 633 4010 assiduae
657 3967 795 4010 nuurcra
822 3947 978 4011 luxuriae.

258 4052 329 4116 Sub
352 4051 452 4116 finem
477 4053 592 4117 mundi
616 4073 691 4118 curn
717 4055 839 4117 stultus
863 4059 977 4136 pastor
1001 4055 1145 4131 obenat,

191 4158 234 4220 20
302 4159 479 4222 Desertum
503 4161 640 4242 rapidus
664 4161 800 4242 praedat
826 4160 910 4223 ovile
936 4161 1045 4242 lupus.

70 4300 177 4408 κ
259 4264 287 4328 Ο
311 4263 339 4327 si
363 4268 522 4329 tractaret
544 4268 676 4331 tanturn
700 4287 761 4332 sua
785 4287 880 4331 sacra
904 4268 1058 4332 sacerdos
