2632 4718
629 588 852 654 -qg„.

297 767 415 832 docere
427 764 636 850 profitentur.
662 766 775 850 Turpe
789 785 935 850 namque
947 765 1057 845 fuerit,
1071 768 1276 832 mercatores

231 876 250 935 5
301 878 395 938 tanta
417 873 560 962 transire
584 873 703 949 maria,
733 893 800 956 quo
828 874 1066 939 cumulatiores
1090 893 1168 938 suas
1192 893 1276 956 opes

297 979 453 1057 efficiant,
478 980 708 1045 adolescentes
732 1001 810 1045 roro
835 1000 877 1044 ne
900 985 991 1045 terra
1014 981 1150 1062 quidem
1171 981 1276 1045 susti-

299 1107 388 1165 nere,
412 1085 576 1168 proficisci
601 1088 728 1170 aliquo,
759 1091 794 1152 ut
820 1106 913 1151 suam
946 1088 1115 1151 meliorem
1147 1088 1273 1151 saciant

297 1196 473 1258 mente1n.“
501 1193 686 1258 Imitandus
703 1199 754 1258 est
770 1193 924 1258 Euclides
941 1195 1154 1275 Megarensis
1178 1194 1275 1259 cuius

298 1301 512 1364 rnernorabile
535 1301 661 1366 sactum
684 1302 814 1366 Taurus
837 1301 1057 1382 philosophus
1082 1301 1172 1382 apud
1196 1300 1273 1364 Gel-

213 1412 253 1473 10
296 1406 415 1491 lium1)
439 1408 547 1472 refert.
576 1408 770 1485 „Decreto“,
794 1407 913 1489 inquit,
941 1427 1021 1485 „suo
1045 1407 1273 1472 Athenienses

298 1519 468 1593 caverant,
499 1517 551 1592 ut,
575 1514 633 1597 qui
655 1515 795 1597 Megaris
820 1515 899 1579 ciris
923 1518 1025 1591 esset,
1059 1515 1087 1578 si
1119 1515 1273 1579 intulisse

299 1622 447 1685 Athenas
472 1621 589 1702 pedem
615 1622 802 1704 prehensus
827 1623 927 1698 esset,
958 1623 994 1685 ut
1018 1640 1056 1684 ea
1080 1640 1134 1683 res
1159 1622 1188 1684 ei
1214 1622 1274 1684 bo-

300 1728 380 1793 mini
404 1728 556 1809 capitalis
580 1731 679 1792 esset.
727 1729 846 1803 Tanto,
871 1728 1124 1808 Atlrenicrrses“
1152 1727 1272 1808 inquit,

301 1836 396 1915 „odio
409 1835 590 1916 flagrabant
606 1833 824 1899 finitimorum
836 1835 1008 1899 hominum
1018 1835 1272 1914 Megarensium.

214 1946 252 2008 15
300 1943 384 2005 Tum
410 1941 581 2017 Euclides,
614 1941 672 2023 qui
701 1941 847 2006 indidem
878 1942 1018 2023 Megaris
1047 1946 1119 2006 erat
1148 1940 1273 2022 quique

298 2049 398 2114 etiam
422 2050 499 2112 ante
525 2047 556 2111 id
583 2049 753 2112 decretum
778 2052 811 2112 et
834 2068 907 2113 esse
932 2048 1074 2112 Athenis
1097 2052 1131 2112 ct
1154 2048 1272 2112 atrdire

299 2158 470 2220 Socratem
483 2160 712 2223 consueverat,
730 2159 907 2237 postquam
925 2155 958 2218 id
971 2156 1138 2218 decretum
1153 2174 1272 2218 sanxe-

298 2265 394 2329 runt.
435 2265 497 2326 sub
537 2266 687 2339 noctem
731 2264 928 2344 priusquam
967 2265 1272 2345 advesperasceret,

298 2371 411 2434 tunica
435 2370 532 2450 longa
556 2369 709 2433 muliebri
733 2371 870 2433 indutus
895 2373 928 2433 et
950 2370 1052 2452 pallio
1074 2370 1271 2433 versicolore

211 2480 254 2543 ⁰20
300 2477 440 2542 amictus
465 2479 498 2539 et
523 2480 623 2557 caput
640 2479 674 2538 et
690 2498 748 2541 ora
764 2479 892 2540 relatus
909 2498 926 2539 e
944 2478 1040 2541 domo
1058 2496 1117 2540 sua
1133 2475 1273 2558 Megaris

299 2585 448 2647 Athenas
479 2585 521 2647 ad
555 2584 724 2647 Socratem
757 2585 978 2659 commeabat,
1014 2586 1050 2647 ut
1085 2584 1135 2648 rel
1166 2583 1272 2646 noctis

300 2692 412 2771 aliquo
429 2694 578 2770 tempore
596 2690 805 2754 consiliorum
823 2710 1079 2771 sermonumque
1093 2691 1165 2754 eius
1178 2689 1273 2754 lieret

297 2799 476 2879 particeps.
496 2816 676 2878 rursusque
690 2799 750 2861 sub
764 2799 869 2861 lucem
884 2799 986 2862 millia
1000 2816 1158 2880 passuum
1171 2797 1271 2879 paulo

299 2906 442 2986 amplius
457 2905 569 2985 viginti
585 2905 701 2969 eadem
715 2908 808 2968 reste
822 2906 876 2969 illa
895 2905 1041 2968 intectus
1055 2906 1212 2968 redibat.“
1231 2942 1270 2949 —

210 3016 251 3077 25
300 3013 466 3093 Legimus„
492 3011 698 3076 doctissimos
719 3012 880 3083 homines,
906 3017 941 3076 ut
958 3033 977 3076 a
993 3013 1177 3095 sapientiae
1194 3032 1272 3094 pro-

297 3119 480 3183 fessoribus
501 3119 597 3201 plura
615 3118 789 3198 discerent,
815 3121 923 3184 nullos
941 3120 1070 3183 labores
1088 3138 1269 3183 recusasse.

301 3228 374 3304 „Sic
389 3227 591 3308 Pythagoras
605 3226 832 3308 Memphiticos
845 3230 946 3297 rates,
965 3227 1010 3291 sie
1029 3228 1124 3291 Plato
1138 3227 1270 3309 Aegyp-

296 3337 366 3397 tum
390 3340 424 3398 et
448 3334 626 3415 Archytam
645 3334 861 3398 Tarentinum
879 3355 1019 3416 eamque
1036 3355 1128 3398 oram
1145 3334 1270 3411 ltaliae,

297 3461 382 3523 quae
408 3443 576 3524 quondam
607 3444 724 3524 Magna
748 3443 886 3508 Graecia
910 3444 1095 3521 dicebatur,
1127 3442 1270 3507 laborio-

209 3549 252 3613 30
299 3548 428 3613 sissime
452 3552 650 3630 peragrarit,
676 3550 791 3631 utqui
817 3550 956 3613 Athenis
978 3550 1133 3632 magister
1149 3552 1221 3612 erat.
1239 3553 1271 3613 et

296 3660 416 3738 polens
449 3657 611 3739 cuiusque
649 3657 832 3720 doctrinam
866 3657 1065 3721 Academiae
1101 3657 1270 3738 gymnasia

296 3764 540 3846 personabant,
575 3762 671 3826 fieret
706 3764 900 3844 peregrinus
936 3767 1038 3846 atque
1075 3765 1269 3846 discipulus,

296 3870 422 3934 malens
447 3870 556 3934 aliena
579 3872 764 3933 verecunde
790 3871 927 3935 discere.
953 3892 1051 3952 quarn
1077 3891 1136 3936 sua
1160 3871 1271 3954 impu·

298 3979 416 4042 denter
440 3979 598 4059 ingerere.
644 3978 806 4058 Denique
831 3998 905 4041 curn
930 3979 1055 4042 litteras
1080 3980 1175 4060 quasi
1202 3983 1270 4044 toto

209 4085 251 4152 35
299 4086 461 4167 fugientes
485 4085 566 4147 orbe
590 4085 813 4165 persequitur,
838 4088 956 4166 eaptus
982 4107 1000 4149 a
1026 4086 1142 4167 piratis
1168 4092 1269 4171 alque

297 4193 519 4257 venumdatus
563 4190 663 4255 etiam
702 4196 841 4272 tyranno
881 4193 1109 4257 crudelissimo
1148 4196 1268 4280 paruit,
