2632 4718
548 662 765 725 ...57-

140 842 162 903 5
188 838 368 917 Iustitiam,
391 840 508 918 fateor„
533 856 587 901 res
610 840 661 902 est
683 838 855 920 praeclara
878 837 975 915 tueri,

234 944 320 1009 Nori
344 943 642 1010 hominesracuos
667 944 796 1026 legibus
818 964 893 1009 esse
916 944 1022 1024 feras;

189 1054 258 1116 Sed
282 1052 423 1133 regnent
445 1050 501 1115 alii
522 1050 577 1114 rel
600 1070 636 1113 se
660 1051 880 1131 regnantibus
904 1051 1038 1115 addant.

235 1158 325 1240 Opto
348 1156 411 1221 tibi
434 1157 539 1222 laetos
562 1157 689 1238 absque
712 1157 831 1221 timore
855 1157 937 1221 dies.

191 1264 312 1327 Nouue
335 1266 435 1345 putas
458 1262 575 1341 satius,
598 1262 814 1344 tranquillam
838 1263 958 1327 ducere
981 1264 1084 1328 ritum

123 1374 166 1433 ru
237 1372 430 1451 Securoque
455 1388 574 1433 aerum
598 1370 753 1433 claudere
778 1368 843 1433 tine
866 1371 972 1446 tuum,

192 1477 301 1553 Quam
325 1475 430 1541 nimia
452 1476 535 1540 iuris
560 1477 664 1540 nodos
688 1475 839 1540 evolvere
863 1495 944 1540 cura

241 1583 283 1647 Et
306 1583 450 1664 grandes
472 1581 561 1647 inter
584 1580 782 1664 peruigilare
806 1582 919 1661 libros

193 1690 343 1767 Quorum
366 1690 518 1755 doctriua
541 1708 603 1753 nec
625 1688 675 1753 sas
698 1689 904 1752 mendaciter
927 1689 976 1752 uti

239 1796 306 1860 Nec
329 1798 409 1878 pote
433 1795 562 1859 sincera
583 1814 647 1877 per
670 1794 757 1859 mala
781 1795 890 1858 sarreia
913 1794 999 1858 lide?

125 1908 167 1967 15
196 1902 365 1967 Candidus
388 1903 557 1985 interpres
581 1902 689 1983 legum
714 1902 742 1965 si
765 1900 851 1966 forte
876 1903 1018 1981 ridetur,

238 2008 303 2085 Qui
328 2009 474 2091 nequeat
495 2008 654 2091 precibus
678 2007 939 2097 muneribusque
962 2009 1047 2089 cupi,

194 2116 346 2197 Aliquam
372 2115 430 2198 qui
453 2115 564 2180 tenuis
588 2133 723 2179 causam
747 2133 953 2197 praeponere
978 2114 1065 2177 servi

242 2222 316 2285 Nou
340 2224 465 2287 metuat
488 2220 607 2285 tumidi
630 2220 793 2304 principis
818 2220 968 2303 imperio,

196 2329 346 2411 Suspicit
370 2329 434 2393 hoc
457 2332 641 2393 monstrum
662 2328 807 2411 populus
824 2346 994 2409 pueroque
1017 2328 1192 2392 bimembri

125 2440 171 2499 '20
239 2436 421 2517 Comparat
444 2435 620 2499 hibernam
643 2436 695 2499 rel
721 2438 818 2516 putat
842 2455 915 2498 esse
940 2455 1058 2498 rusam.

195 2542 231 2606 Si
257 2541 432 2606 monitoris
456 2561 533 2624 eges
557 2561 619 2604 nec
642 2542 749 2605 amico
773 2541 922 2623 poenitet
948 2543 1004 2613 uti,

241 2650 290 2712 lla
313 2647 416 2713 sacris
439 2668 576 2730 operam
601 2650 699 2711 nocte.
724 2647 846 2730 dieque
871 2647 979 2711 libris!

195 2756 302 2832 Quam
327 2756 409 2819 deus
432 2755 584 2820 exhibuit
607 2773 689 2818 sano
712 2755 773 2819 tibi
797 2774 944 2836 corporo,
969 2759 1115 2818 mentem

240 2863 290 2926 Ne
314 2861 424 2944 pigeat
447 2861 538 2925 cultu
562 2860 745 2925 clarificare
770 2862 833 2925 dei.

127 2971 169 3032 25
196 2970 271 3032 Nou
296 2968 553 3052 contemplando
577 2967 685 3031 cordis
709 2968 919 3033 consumitur
943 2990 1032 3032 usus.

240 3074 306 3138 Sed
331 3074 435 3157 magis
458 3074 607 3155 augescit
632 3074 774 3157 plusque
798 3075 918 3153 rigoris
943 3076 1052 3139 habet.

196 3182 224 3245 t)
249 3199 350 3263 quam
374 3180 519 3245 iucunda
543 3183 595 3244 est
618 3201 789 3245 sacrarum
813 3181 909 3245 lectio
934 3201 1055 3253 rerum,

240 3289 333 3365 Quae
358 3306 529 3369 uunquam
554 3288 666 3366 satiat,
691 3308 823 3371 semper
847 3309 958 3352 amore
982 3289 1087 3369 capili

196 3392 294 3457 Alma
316 3393 481 3474 theologia
504 3396 556 3458 est
579 3397 613 3459 et
637 3414 767 3458 summo
791 3394 937 3459 carmine
963 3395 1071 3477 digua,

127 3505 171 3566 30
241 3499 397 3565 Praedita
420 3499 574 3564 sublimis
598 3499 785 3581 cognitione
811 3501 876 3564 dei.
1052 3492 1054 3496 '

195 3608 301 3671 Verus
324 3607 359 3671 in
382 3608 444 3671 hac
468 3607 606 3690 sophiae
629 3606 704 3672 sous
728 3610 779 3671 est
803 3611 835 3671 et
858 3629 937 3672 veru
961 3609 1080 3672 salutis

240 3713 406 3778 Aeternae
430 3714 619 3789 methodus,
643 3718 754 3778 certus
779 3715 821 3779 ad
844 3717 934 3779 astra
957 3716 1086 3797 gradus,

196 3820 271 3884 Nou
295 3821 377 3885 hacc
401 3821 531 3886 fucatae
554 3820 688 3903 quaerit
712 3821 849 3886 tectoria
873 3821 1014 3903 liuguae.

240 3926 315 3991 Non
339 3930 429 3991 amat
453 3927 632 4009 eloquium,
657 3928 776 3992 Crasse
801 3928 934 4003 diserte,
959 3931 1064 3991 tuum.

128 4033 171 4098 35
197 4033 269 4099 Nou
296 4034 432 4116 ambage
456 4033 548 4116 cupit
571 4035 749 4098 verborum
772 4034 941 4097 involvere
964 4035 1097 4098 turhaur

241 4141 311 4206 Nec
334 4142 419 4222 petit
442 4140 596 4205 obductis
620 4141 734 4206 fallere
759 4139 946 4205 tendiculis.

197 4246 401 4331 Simpliciter
424 4268 497 4313 sese
522 4247 681 4312 studiosis
704 4245 824 4311 inserit
847 4246 898 4325 iis,
923 4246 981 4328 qui
