2632 4718
533 733 753 797 ..39-

132 907 174 970 25
220 905 318 987 pueri
342 909 482 984 norunt,
517 905 646 971 aientes
683 906 784 972 ollam
816 926 889 973 esse
924 927 994 972 rem
1028 905 1174 987 fictilem,

220 1012 338 1092 vilem,
371 1012 569 1078 colinariam
597 1015 631 1076 et
661 1012 777 1094 quovis
809 1013 861 1078 vel
895 1013 964 1078 ictu
994 1015 1045 1078 vel
1077 1013 1174 1079 allisu

221 1117 387 1200 fragilem,
411 1122 446 1184 at
470 1117 659 1183 naviculam
683 1139 723 1183 ex
745 1119 853 1183 solida
876 1121 1081 1203 robustaque
1104 1140 1175 1185 ma-

221 1225 344 1310 terie*)
372 1227 579 1306 compactam
610 1224 754 1290 maximo
777 1245 852 1289 esse
881 1227 956 1291 usui
984 1246 1044 1309 per
1068 1246 1174 1309 aquas

221 1331 319 1395 huius
343 1332 467 1396 saeculi
492 1330 726 1413 navigantibus
754 1351 904 1413 eamque,
932 1332 1066 1398 tametsi
1090 1352 1174 1398 non-

131 1438 175 1501 30
220 1457 402 1519 numquam
418 1437 575 1520 procellis
592 1441 622 1502 et
640 1438 800 1502 fluctibus
818 1439 973 1521 agitetur,
990 1439 1043 1503 dei
1060 1444 1173 1504 tamen

220 1542 389 1625 praesidio
412 1543 481 1607 fere
505 1544 614 1608 tutam
637 1563 697 1627 per
722 1545 828 1610 undas
852 1547 895 1610 ad
917 1546 1070 1627 optatum
1094 1565 1173 1627 por-

220 1651 292 1712 tum
314 1650 500 1731 peruenire.
547 1649 591 1712 Et
621 1650 678 1713 isti
706 1650 789 1714 iuris
818 1655 984 1716 amatores
1014 1654 1173 1716 nontam

220 1754 380 1835 canonici,
404 1776 505 1839 quam
522 1755 694 1836 patinarii,
719 1776 794 1821 cum
818 1777 879 1823 suo
896 1758 1063 1822 cucullato
1087 1759 1173 1823 anti-

219 1859 311 1940 stite,
350 1880 451 1943 quem
481 1862 740 1944 satyrographus
749 1862 777 1947 ³)
807 1863 869 1928 hoc
896 1857 996 1928 versu
1038 1868 1172 1929 notasse

130 1967 172 2030 35
218 1965 351 2031 videtur
796 1979 797 1982 ’

254 2072 370 2150 ,lllum
405 2073 517 2157 fastus}
539 2074 614 2152 alit,
643 2093 703 2138 sua
726 2074 784 2156 qui
814 2075 895 2156 tegit
925 2094 983 2139 ora
1011 2076 1169 2156 cucullo,“

218 2178 448 2258 grammaticos
472 2181 505 2243 et
521 2181 664 2244 oderunt
687 2182 722 2244 et
739 2180 898 2244 damnant
922 2180 1045 2245 nullius
1065 2183 1172 2247 bonae

217 2283 298 2347 artis
325 2284 458 2366 ignaros
488 2287 522 2349 et
552 2285 678 2368 ubique
707 2287 881 2354 veritatem
912 2286 1016 2350 libere
1039 2287 1172 2368 praedi-

217 2392 343 2454 cantes.
389 2392 457 2455 Sed
487 2391 645 2473 quoniam
673 2391 708 2455 in
735 2392 821 2456 ollae
853 2395 886 2456 et
910 2393 1046 2473 cymbae
1077 2414 1170 2457 men-

130 2494 176 2561 40
222 2495 346 2560 tionem
378 2516 467 2561 nuuc
499 2498 691 2578 incidimus,
727 2518 794 2562 non
817 2498 1043 2583 ‘iniucundum
1072 2499 1172 2565 fuerit

217 2603 324 2666 obiter
356 2603 475 2667 afferre
505 2604 541 2668 iu
569 2604 716 2668 medium
744 2624 850 2687 pauca
882 2625 900 2666 e
926 2604 1039 2668 mullis
1069 2624 1172 2686 super

217 2712 359 2790 utraque
389 2711 460 2773 tum
490 2730 531 2773 ex
561 2710 729 2793 profaniS,
752 2714 824 2774 tum
850 2731 889 2774 ex
918 2710 1022 2774 sacris
1050 2709 1171 2775 litteris

217 2815 415 2895 testimonia,
434 2816 556 2896 quibus
579 2816 715 2880 alterius
740 2836 923 2898 numquam
946 2836 1013 2880 non
1037 2818 1172 2899 culpata

217 2919 344 2998 vililaS,
368 2921 506 2985 alterius
530 2941 663 3002 semper
687 2922 821 2986 laudata
845 2921 970 2985 utilitas
987 2922 1165 3004 colliques-

128 3027 169 3088 45
217 3030 279 3089 cal.
326 3027 401 3091 Olla
431 3027 612 3092 notissimis
642 3027 766 3110 adagiis
797 3028 1003 3106 traducitur,
1028 3048 1170 3110 quorum

216 3132 278 3194 hoc
295 3136 345 3196 est
368 3133 402 3196 in
420 3133 545 3196 amicos
568 3133 650 3198 istos
667 3134 828 3215 vulgares
854 3153 937 3215 quos
953 3133 1078 3215 patina,
1103 3154 1170 3198 non

216 3238 449 3304 benevolentia
469 3241 624 3305 conciliat
662 3240 776 3319 „Ollae
799 3238 1006 3324 a1nicilia“⁴),
1028 3241 1117 3321 quod
1138 3247 1171 3304 et
1225 3231 1228 3235 ’

215 3344 303 3408 hunc
327 3345 362 3409 in
386 3347 521 3410 modum
546 3346 699 3410 effertur:
726 3347 868 3424 ,Fervet
885 3346 961 3426 olla,
985 3346 1066 3410 vivit
1089 3347 1171 3411 ami-

216 3450 359 3534 citia“⁵).
396 3453 439 3515 Et
465 3452 816 3536 ᾖ011111111111011153116)
840 3453 880 3516 de
904 3451 965 3531 his,
990 3453 1048 3534 qui
1076 3452 1170 3517 inre

130 3558 173 3620 50
218 3558 434 3622 vehementer
446 3559 589 3623 absurda
602 3561 727 3623 frustra
739 3561 911 3623 conantur.
930 3558 1068 3640 Ineptus
1081 3559 1170 3622 euim

216 3663 325 3743 labor,
355 3664 439 3728 ollae
467 3666 537 3729 vasi
570 3668 762 3748 contemplo
791 3668 824 3728 et
853 3664 1021 3728 culinariis
1053 3665 1169 3729 usibus

219 3770 384 3834 destinato
407 3770 558 3853 picturae
583 3771 786 3836 lenocinium
808 3771 977 3835 adhibere.
1026 3771 1169 3851 Huic**)

215 3895 281 3938 non
306 3876 464 3941 dissimile
481 3882 532 3942 est
556 3877 655 3942 illud:
682 3878 793 3955 „Ollas
818 3873 1055 3958 ostentare“⁷),
1079 3879 1169 3958 quod

216 3981 379 4064 significat
403 4002 473 4047 rem
496 4004 558 4067 per
582 4004 617 4047 se
642 3983 817 4048 ridiculam
839 4001 878 4047 ac
901 3983 1070 4048 sordidam
1094 4003 1170 4065 per-

126 4091 166 4153 55
214 4089 292 4152 inde
328 4093 364 4153 ut
398 4090 574 4154 mammam
603 4090 732 4154 efferre.
785 4089 908 4154 Ollaris
939 4090 1019 4153 item
1052 4087 1169 4176 deusss)

192 4317 218 4387 ‘)
238 4319 274 4371 B:
295 4320 413 4375 matoria.
434 4349 465 4358 -
487 4319 527 4388 ”l
546 4320 580 4372 B:
600 4320 676 4376 Illuc.
