2632 4718
356 240 363 243 ,,
408 230 443 251 νηὶ
615 120 733 242 .

334 296 339 308 V

334 317 350 340 7.

505 712 728 778 ..35-

193 891 282 954 lllors
304 890 457 957 homines
482 889 616 972 subigit,
641 890 745 955 libera
768 889 838 954 vita
860 889 958 972 perit.

148 997 311 1061 Auditum
333 997 426 1062 vario
451 998 619 1062 delectant
641 1017 766 1080 organa
789 1001 901 1076 cantu,

80 1106 125 1168 30
195 1104 237 1167 Et
259 1105 378 1169 melico
402 1104 510 1168 virtus
534 1105 681 1168 carmine.
705 1103 811 1168 fracta
835 1103 927 1186 lugit.

149 1210 318 1275 Delinitur
340 1212 440 1274 homo
464 1211 592 1275 salibus
616 1211 816 1293 plerumque
839 1209 957 1275 iocosis

195 1317 437 1398 llimorumque
461 1317 609 1398 strophis
633 1315 878 1399 molliculisque
902 1315 1018 1379 modio.

150 1424 270 1487 Suavis
294 1424 376 1488 odor
401 1424 532 1502 llorum,
557 1421 784 1504 thymiamata,
808 1423 977 1501 musclruS,
1002 1421 1123 1486 amomi

196 1529 340 1594 Deliciae
364 1529 490 1594 teneris
514 1528 651 1594 naribus
675 1548 769 1594 arma
791 1531 922 1610 parunt.

80 1641 123 1701 :35
151 1636 195 1698 Ut
220 1656 338 1715 magno
362 1635 498 1718 capiant
523 1636 643 1718 epulae
668 1636 804 1700 dulcore
828 1636 990 1718 palatum,

196 1743 333 1806 Divitias
357 1741 449 1807 omni
473 1745 652 1824 congregat
675 1745 748 1807 arte
771 1743 858 1824 gulo.

151 1848 351 1930 Mancipium
376 1848 502 1912 ventris
525 1851 632 1912 terras
656 1851 690 1912 et
713 1847 854 1913 llumina
878 1848 1007 1924 lustrat,

196 1954 272 2019 Non
295 1955 368 2018 aris
392 1957 443 2018 est
465 1956 559 2020 coelo
583 1959 642 2019 aut
665 1955 765 2018 belua
789 1956 862 2018 tuta
885 1955 978 2017 mari.

151 2060 302 2125 Feminei
326 2064 435 2126 tactus
458 2081 560 2144 quam
585 2062 707 2126 multos
731 2060 878 2142 corporis
902 2060 979 2139 urit,

84 2171 130 2231 40
199 2167 338 2249 Absque
361 2167 472 2232 surore
496 2171 621 2251 quotus
645 2167 759 2232 suavia
782 2167 922 2249 quisque
946 2165 1048 2249 capit!

152 2274 225 2338 Hoc
248 2294 349 2338 sensu
374 2273 509 2356 penitus
533 2273 655 2339 mentis
678 2273 883 2356 pervertitur
906 2274 997 2351 ordo,

197 2380 284 2444 Hinc
309 2381 455 2445 subeunt
477 2382 557 2459 irae,
581 2379 782 2458 sollicitudo,
808 2381 912 2445 dolor.

152 2486 238 2550 Hinc
262 2485 402 2552 miseros
426 2507 541 2552 omnes
566 2507 627 2550 nos
651 2487 861 2568 perturbatio
885 2486 1021 2567 frangit,

196 2592 372 2657 Laetitiam
396 2593 548 2676 sequitur
572 2594 715 2658 maxima
738 2613 846 2674 poena
870 2593 1016 2656 brevem.

81 2703 124 2762 45
152 2699 218 2775 Qui
242 2698 335 2782 cupit
359 2698 515 2764 interris
538 2699 753 2782 tranquillam
778 2700 899 2763 ducere
925 2699 1036 2775 vitam,

200 2806 343 2870 Fortiter
366 2806 501 2870 assiduo
524 2805 613 2870 bella
636 2806 749 2871 labore
773 2808 883 2888 gerat;

155 2911 251 2977 Bella
274 2913 388 2978 labore
412 2917 506 2995 gerat
529 2933 598 2979 non
621 2916 733 2977 contra
758 2913 871 2978 militis
896 2933 1004 2992 cnseS,

198 3020 265 3083 Sed
290 3020 406 3085 molles
430 3024 547 3085 eontra
571 3020 719 3103 corporis
744 3021 929 3084 illecebras,

571 3355 668 3419 XVll.

322 3495 383 3565 De
407 3493 612 3577 daemone,
635 3495 770 3565 invido
793 3495 920 3565 hoste.

113 3654 214 3718 inst
238 3655 330 3719 locus
344 3655 368 3735 1)
392 3675 412 3720 a
436 3658 550 3720 nostro
574 3676 777 3737 consurgens
802 3657 901 3720 altius
925 3659 1015 3737 orbe,

198 3760 272 3838 Qua
296 3766 431 3827 revocat
454 3761 574 3826 rutilos
598 3783 744 3845 aequore
770 3764 926 3827 Phoebus
950 3784 1063 3845 equos,

153 3866 229 3931 Non
251 3867 391 3950 glaciem
414 3868 527 3949 sentit,
553 3889 619 3933 non
644 3868 805 3951 grandine
830 3870 986 3951 tangitur,
1011 3871 1099 3935 omni

198 3975 380 4039 Ventorum
403 3975 556 4058 strepitu,
582 3975 710 4056 frigore,
736 3975 824 4039 nube
848 3979 952 4040 racat.

109 4080 129 4141 5
154 4079 225 4143 lllic
248 4100 346 4145 omne
370 4102 475 4164 genus
499 4102 631 4164 semper
655 4082 741 4145 viret
764 4080 903 4161 arboris,
928 4082 995 4145 illic

199 4187 365 4270 Perpetuo
388 4190 507 4251 vernat
532 4187 709 4252 deliciosus
733 4207 820 4268 ager.

152 4291 318 4369 Quattuor
342 4293 500 4358 emittunt
523 4294 637 4359 felices
661 4294 801 4358 flumina
825 4295 945 4376 campi,

936 4399 981 4466 3*
