2632 4718
589 546 809 613 ..30-

258 725 299 792 Et
322 725 441 792 metior
465 727 497 792 et
520 726 729 792 reverentior
752 724 873 790 summi
898 723 961 790 dei.

259 851 486 933 Quaecunque
510 851 660 917 moribus
684 851 780 915 bonis
804 870 858 916 ars
881 848 996 929 officit,

258 976 396 1042 Nescire
420 996 504 1057 eam,
530 995 631 1061 quam
654 975 738 1041 scire
764 975 859 1057 longe
883 977 935 1039 est
958 973 1072 1039 tutius.

642 1174 754 1239 XXIV.

520 1315 715 1405 Discipuli
738 1315 878 1386 officia.
998 1357 1000 1360 -

240 1461 284 1525 Ut
306 1464 420 1543 patres
443 1460 545 1525 animi
570 1460 658 1525 colat
681 1461 901 1542 observetque
925 1460 1099 1542 magistros

1312 1379 1316 1452 t

280 1585 472 1667 Discipulos
496 1604 556 1649 nee
581 1603 639 1648 eos
663 1583 778 1666 diligat
802 1587 873 1649 arte
897 1583 1018 1648 rrrinus

239 1710 330 1774 Haec
354 1712 464 1791 pietas
488 1708 609 1774 studiis
633 1709 773 1786 confert,
797 1727 890 1773 amor
912 1709 1061 1791 optimus
1084 1710 1167 1774 artis

170 1837 207 1922 4)
283 1835 439 1899 Traditor
463 1837 523 1914 est,
548 1834 693 1899 stimulis
717 1837 855 1915 pectora
877 1833 995 1915 pnngit
1019 1854 1120 1900 amor.

238 1961 414 2025 Doctrinae
439 1959 580 2041 cupidus
604 1958 744 2024 docitem
770 1978 805 2023 se
829 1959 990 2041 praebeat
1013 1959 1096 2042 ipse,

282 2085 465 2166 Praecepta
489 2084 627 2177 attentis
651 2083 787 2147 auribus
812 2082 964 2166 accipiat.

239 2211 358 2274 Pareat
381 2229 487 2292 usque
511 2209 618 2272 iibens
642 2208 902 2290 emendatusque
928 2208 1085 2290 magistro

172 2336 208 2419 8)
285 2334 360 2398 Non
383 2335 557 2411 irascatur,
582 2333 641 2397 sed
665 2334 802 2396 meliora
826 2333 915 2397 vetit.

239 2459 304 2536 Qui
328 2462 578 2542 praeceptorem
603 2458 739 2523 minimo
764 2458 815 2522 rel
840 2458 971 2522 laedere
994 2461 1096 2522 rerbo

284 2583 403 2661 Audet,
429 2583 611 2648 doctrinam
637 2583 777 2665 despicit
801 2583 855 2647 ille
880 2583 1010 2646 bonam.

240 2708 400 2792 Quisquis
425 2710 594 2773 doctorem
618 2708 756 2790 spernit,
781 2709 826 2772 nil
852 2709 937 2771 scire
961 2712 1109 2772 meretur

177 2835 232 2917 12)
287 2834 488 2915 Ingenuum3
512 2833 663 2915 sophiam
688 2854 781 2898 mens
806 2833 863 2915 pia
886 2833 957 2896 sola
980 2832 1078 2914 capit.

241 2958 425 3023 Piniferum
449 2959 551 3025 coluit
576 2959 709 3023 Alcides
734 2959 896 3022 maximus
920 2958 998 3023 otim

285 3084 508 3165 Astrologum
524 3083 549 3168 ยน)
573 3084 653 3148 celsi
678 3104 753 3147 cum
776 3083 852 3147 tulit
875 3083 966 3148 orbis
990 3103 1092 3146 onus:

243 3210 393 3273 Praemia
418 3209 557 3273 Pborrici
582 3208 674 3273 sortis
699 3210 834 3273 donarit
858 3209 1005 3273 Achilles

178 3334 232 3419 16)
287 3333 446 3398 Centauri
470 3335 585 3416 plagas
609 3333 830 3415 extimuitque
854 3333 954 3397 senis..

241 3459 356 3522 Mortis
380 3459 422 3522 ad
445 3458 622 3523 arbitrium
646 3459 807 3523 Senecam
831 3460 887 3542 qui
912 3459 1074 3540 compulit
1098 3461 1202 3535 atrox,

285 3583 360 3646 iiior
384 3602 511 3664 poenas
535 3583 650 3665 dignas
673 3583 843 3666 impietate
869 3583 970 3648 dedit.

662 3780 755 3844 XXV.

255 3919 450 3990 Probatos
472 3923 754 4008 praeceptores
779 3920 1029 4009 quaerendos
1054 3938 1151 3989 esse.

310 4064 353 4128 Ut
377 4064 482 4128 bonas
507 4067 606 4143 artes
631 4064 771 4136 iuvenis,
796 4066 908 4147 capaci

309 4189 419 4253 Mente
443 4175 624 4270 perdiscasss
649 4189 780 4269 patiens
803 4189 963 4269 laborum,
