2632 4718
498 766 736 831 -110-

193 944 273 1025 quia
304 960 434 1008 morum
464 942 548 1007 ritia
576 940 701 1023 magis,
728 960 830 1023 quam
862 940 1047 1006 verborum
1076 943 1150 1005 sunt

193 1048 433 1132 praecavenda.

545 1204 686 1270 CXXIX.

193 1328 440 1417 Augustinus
461 1327 506 1396 in
526 1326 547 1395 I
568 1326 867 1397 confessionum
887 1326 1004 1397 libro.
1013 1330 1042 1413 ¹)

282 1470 383 1537 l'ide.
412 1470 546 1537 domine
574 1472 674 1551 deus,
704 1474 739 1535 et
768 1470 951 1553 patienter,
983 1474 1022 1535 ut
1050 1470 1148 1549 rides,

197 1579 284 1643 ride.
307 1577 475 1659 quomodo
498 1576 675 1658 diligenter
697 1576 878 1640 observent
901 1574 962 1640 lilii
979 1577 1148 1641 bominum

194 1688 294 1765 pacta
310 1684 495 1747 litterarum
519 1686 553 1747 et
568 1682 771 1765 syllabarum
786 1686 924 1764 accepta
946 1702 967 1746 a
983 1682 1147 1763 prioribus

197 1789 402 1854 locutoribus
425 1790 458 1852 el
480 1808 501 1853 a
523 1790 559 1851 te
582 1792 719 1872 accepta
741 1790 881 1851 aeterna
901 1792 1005 1871 pacta
1030 1808 1147 1871 perpe·

130 1898 151 1959 5
198 1900 277 1959 tuae
301 1894 418 1959 salutis
442 1894 619 1976 negligant,
644 1893 761 1975 utqui
785 1892 842 1958 illa
864 1912 1025 1959 sonorum
1039 1898 1147 1958 retem

197 2001 321 2081 placila
345 2004 461 2063 teneat
493 2004 553 2063 aut
581 1998 716 2077 doceat,
746 2000 774 2063 si
804 2002 919 2063 contra
943 1998 1147 2081 disciplinam

195 2106 445 2187 grammaticam
484 2104 557 2168 sine
595 2103 800 2187 aspiratione
839 2104 966 2188 primae
1006 2105 1147 2186 syllabae

197 2212 344 2275 ominem
367 2212 498 2275 dixerit.
523 2209 625 2291 nangis
642 2210 815 2291 displiceat
831 2208 1035 2288 bominibus,
1052 2228 1146 2291 quam

200 2317 227 2379 si
262 2320 377 2381 contra
415 2320 473 2379 tua
503 2319 684 2398 praecepta
716 2315 884 2378 hominem
915 2314 1041 2389 oderit,
1076 2334 1145 2378 cum

113 2424 155 2487 10
200 2424 243 2486 sit
267 2424 377 2487 bomo.

557 2579 679 2642 CXXX.

437 2699 549 2768 Idem
572 2700 762 2769 Licentio.
773 2704 799 2786 ¹)

277 2845 312 2906 si
331 2863 446 2906 versus
463 2846 541 2906 ttius
564 2846 740 2908 momentis
756 2843 955 2907 inordinalis
971 2862 1146 2925 perversus

197 2954 297 3026 essct,
321 2948 349 3011 si
373 2948 444 3011 suis
469 2949 595 3030 legibus
620 2970 685 3012 non
710 2951 823 3025 staret,
847 2950 875 3011 si
899 2950 1067 3012 mensuris
1092 2950 1148 3011 irn-

197 3054 334 3134 paribus
368 3074 467 3116 nurcs
503 3055 664 3118 auditoris
698 3055 900 3129 offenderet,
938 3055 1083 3136 puderet
1119 3058 1149 3117 tc

195 3162 284 3220 certe
309 3177 370 3219 nec
386 3158 519 3222 dillcres
545 3180 606 3223 noc
623 3160 813 3227 desisteres,
838 3161 944 3224 donec
966 3160 1149 3235 ordinares,

197 3261 389 3342 corrigeres,
414 3267 593 3341 statueres,
619 3285 781 3346 aequares
804 3285 937 3329 versum
964 3267 1059 3328 tuum
1084 3266 1150 3328 (lis-

197 3369 302 3432 cendo
326 3370 361 3430 cl
384 3370 510 3448 agendo
535 3372 638 3433 artem
663 3372 835 3434 metricam
860 3372 1023 3434 acerrimo
1041 3372 1150 3434 studio

197 3478 231 3537 et
261 3474 375 3537 labore
408 3475 567 3554 quolibet.
615 3477 712 3552 Quod
740 3497 814 3539 cum
844 3476 1056 3540 inordinatus
1081 3478 1151 3558 ipsc

197 3579 419 3662 perverteris,
454 3599 529 3642 cum
561 3580 690 3662 legibus
721 3581 773 3644 dci
802 3582 850 3645 tui
881 3582 953 3663 ipse
989 3600 1057 3645 non
1077 3581 1151 3655 :stas

197 3706 307 3767 neque
336 3684 370 3747 in
402 3686 529 3765 agenda
562 3685 630 3749 rita
660 3687 808 3750 honestis
838 3691 972 3750 tuorum
1003 3689 1091 3750 votis
1121 3689 1152 3749 el

111 3794 152 3857 10
196 3791 273 3855 lnric
308 3789 373 3870 ipsi
407 3790 586 3854 eruditioni
622 3794 697 3855 tuae
733 3792 894 3871 concinis,
930 3791 1152 3856 abiiciendum

196 3898 274 3979 post
308 3898 436 3975 tergum
473 3899 571 3976 putas
603 3900 636 3959 et
664 3898 911 3978 negligendum,
943 3900 1040 3979 quasi
1072 3917 1152 3979 prae

197 4022 279 4067 sono
304 4002 435 4081 linguae
457 4003 535 4064 tuae
559 4001 603 4064 sis
628 4003 687 4065 tibi
712 4007 745 4066 et
762 4024 840 4068 voce
857 4004 954 4067 vilior·
977 4007 1011 4068 et
1028 4004 1153 4068 incom-

196 4108 316 4191 positis
347 4106 511 4183 moribus,
545 4107 634 4187 (prod
664 4108 806 4171 offendis
837 4129 935 4172 aures
964 4109 1016 4172 dei
1046 4109 1153 4172 levius

197 4214 251 4293 sit,
276 4232 374 4294 quam
400 4210 428 4273 si
445 4210 676 4293 incompositis
700 4214 837 4290 syllabis
853 4215 921 4278 tuis
937 4216 1153 4296 grammatica

136 4353 140 4368 ι
196 4318 416 4389 succenseret
436 4316 632 4382 auctoritas.
