2632 4718
545 714 781 777 -rer-

265 889 481 973 hlortalisque
504 889 616 954 10111110
639 889 795 954 claudere
819 893 917 954 nemo
939 893 1062 973 potest.

221 996 308 1061 Urbs
332 999 385 1060 est
407 994 527 1078 obryzo
551 996 618 1060 1010
642 995 834 1079 spectabilis
857 1015 951 1075 auro,

265 1084 469 1184 Argentique
492 1121 578 1168 novo
601 1103 702 1185 plena
724 1102 844 1167 decore
869 1102 963 1166 nitet.

220 1208 356 1273 Arduus
379 1212 497 1274 ornato
521 1228 636 1272 murus
660 1209 853 1274 fundamine
877 1211 1016 1286 constat,

134 1319 197 1379 100
266 1314 443 1379 Gemmeus
467 1318 499 1379 et
523 1316 615 1380 rsrio
639 1315 809 1380 schemate
834 1314 936 1397 fulget
958 1316 1074 1379 honor.

221 1422 319 1487 Stant
336 1420 501 1503 quadrata
516 1425 636 1503 quater
653 1421 762 1485 tribus
783 1421 910 1486 incluta
925 1423 1057 1487 moenia
1078 1421 1197 1505 portis,

265 1528 358 1605 Quae
381 1526 530 1592 tribuum
553 1527 606 1592 bis
630 1548 688 1592 sex
711 1527 847 1592 nomina
869 1527 996 1611 scripta
1019 1510 1146 1593 tenent.

220 1633 452 1698 Fundamenta
476 1633 562 1697 sacri
585 1634 725 1699 rutilant
748 1634 903 1698 duodena
926 1638 1062 1699 senatus

267 1739 475 1816 Nominibus,
499 1740 592 1805 cultu
617 1741 748 1821 singula
772 1741 859 1806 laeta
883 1761 954 1805 suo.

134 1847 194 1911 105
219 1846 346 1911 Felices
370 1847 484 1912 oculos
507 1848 687 1912 iucundius
711 1851 843 1912 amenat
867 1847 970 1929 iaspis

264 1952 305 2016 Et
328 1953 400 2018 loca
423 1954 550 2018 vernali
574 1955 714 2038 pulchra
737 1954 846 2018 virore
870 1954 956 2020 lacit

222 2058 337 2124 Gratia
360 2059 489 2142 sappiri
512 2060 616 2125 radiis
641 2061 803 2127 solaribus
827 2062 948 2125 ardens

264 2165 397 2232 Coelica
420 2167 556 2231 coelesti
579 2168 703 2250 templa
727 2167 836 2232 colore
861 2167 946 2231 beat.

222 2272 310 2336 Hinc
334 2273 418 2356 lapis
442 2273 583 2356 effigiem
607 2275 771 2356 pallentes
795 2274 902 2337 tendit
926 2273 967 2337 ad
991 2273 1095 2355 ignee,

135 2381 198 2442 110
266 2379 310 2444 At
335 2381 465 2445 laudem
490 2381 638 2445 viridans
661 2380 738 2444 inde
762 2380 956 2460 smaragdus
980 2380 1090 2444 habet.

223 2485 456 2568 Sardonychus
480 2487 569 2550 molli
594 2488 659 2550 1010
684 2487 827 2551 candore
852 2486 987 2563 relucet,

263 2593 425 2657 Sardibus
450 2597 483 2655 et
508 2594 653 2675 primum
676 2612 804 2674 gemma
829 2597 961 2672 reperta
986 2592 1121 2675 rritet.⁶)

220 2698 451 2778 Chrysolithus
474 2700 553 2764 fulvi
579 2699 689 2782 specie
714 2703 904 2781 transparet
928 2699 1073 2779 honoris,

264 2807 348 2870 lllira
371 2806 518 2888 beryllus
541 2812 613 2871 arte
637 2805 761 2889 politus
786 2807 890 2870 adest.

133 2914 195 2976 115
220 2911 327 2990 Quem
350 2912 522 2979 Berenizio
545 2912 712 2994 placuisse
735 2913 888 2995 topazion
912 2910 996 2998 cri⁷)

265 3017 431 3102 Legimus,
454 3019 576 3100 insigni
601 3020 663 3083 rite
688 3020 807 3084 decere
833 3019 924 3084 riret.

218 3125 277 3189 Est
300 3127 395 3209 lapis,
419 3146 556 3208 asperso
581 3127 631 3190 cui
657 3146 777 3190 numen
803 3127 894 3190 venit
918 3128 960 3191 ab
984 3147 1076 3203 auro,

264 3232 372 3297 Suave
396 3234 520 3297 rubens
544 3233 640 3297 cultis
665 3234 744 3305 stas,
770 3231 956 3314 hiacynthe,
981 3232 1071 3297 locis.

219 3338 354 3403 Leniter
378 3339 519 3405 effundit
543 3339 653 3404 radios
678 3340 883 3421 amethystus
908 3358 1076 3417 01000000,

132 3446 195 3510 120
265 3447 439 3530 Purpureo
464 3447 587 3512 nilidae
611 3450 705 3529 grata
728 3446 838 3512 colore
863 3464 969 3509 rosae.

220 3552 398 3618 Praeterea
421 3553 607 3619 innumeris
633 3554 848 3637 resplendent
871 3552 984 3616 omnia
1007 3551 1154 3633 gemmis,

262 3659 322 3722 Est
346 3660 562 3725 101001011ἰο
586 3659 665 3724 unio
690 3661 806 3725 creber
830 3659 887 3724 ibi.

220 3765 344 3830 Creber
367 3765 412 3830 ibi
438 3766 565 3832 Phoebi
589 3768 718 3832 cithara
742 3787 920 3848 generosus
944 3767 1089 3844 achates,

264 3872 379 3950 Qualis
404 3873 495 3954 apud
519 3874 638 3952 Pyrrhi
662 3874 752 3955 regia
775 3877 906 3954 sceptra
929 3871 1032 3951 10118)

133 3979 193 4040 125
219 3977 261 4042 At
287 3999 395 4062 neque
420 3979 596 4062 pascendis
619 3979 722 4044 oculis
746 3979 890 4061 topiaria
914 3979 1046 4051 desunt,

264 4085 333 4149 Nec
357 4085 459 4151 cilrus
484 4106 545 4150 nec
569 4086 662 4163 ebur,
687 4107 753 4151 11011
777 4087 987 4151 terebinthus
1011 4087 1115 4151 abest.

219 4191 368 4255 Dulciter
392 4192 543 4275 aspirant
566 4192 750 4276 fragrantes
773 4192 920 4275 undiquc
945 4194 1056 4272 110100,
1188 4233 1193 4241 ·

263 4297 404 4363 Securus
427 4300 556 4366 animos
580 4319 682 4365 suave
707 4300 893 4381 nepenthes
916 4299 986 4364 alit.
