2632 4718
559 703 777 768 ..87-

191 880 296 944 Dona
320 879 455 959 placere
479 878 588 942 solent
611 878 663 942 rel
686 878 821 943 sordida
846 877 952 942 dulcis
976 879 1082 955 amici,

242 983 413 1049 Iudicium
438 982 562 1049 nimius
586 984 700 1049 fallere
723 985 846 1066 gaudet
871 1005 971 1049 amor.

142 1093 166 1155 5
193 1089 381 1155 versiculis
405 1092 521 1171 aptum
546 1093 604 1156 tua
628 1110 681 1154 me
705 1090 853 1155 laudatio
877 1092 965 1170 fecit,

243 1194 433 1278 Splendida
456 1214 523 1259 nou
546 1215 688 1280 parrum
711 1198 815 1278 gloria
838 1198 947 1262 calcar
971 1199 1081 1262 habel.

194 1303 269 1368 Sed
291 1305 546 1367 contemnamus
569 1303 748 1386 populares
772 1302 903 1368 fortiter
926 1323 1034 1377 aurae,

246 1409 401 1490 Namque
425 1428 508 1473 suus
532 1412 621 1474 recte
645 1409 731 1474 facta
755 1411 915 1492 sequetur
939 1410 1055 1474 honor.

199 1517 306 1580 Fama
329 1515 426 1598 sequi
449 1516 557 1583 debet.
582 1536 648 1581 non
673 1515 807 1599 quaeri;
831 1517 876 1580 sit
900 1517 998 1582 modo
1021 1517 1128 1582 virtus

128 1626 171 1689 10
246 1621 357 1686 Corde
380 1621 432 1686 rel
456 1640 589 1700 arcano,
612 1621 733 1704 gaudia
755 1641 876 1704 magna
899 1622 991 1686 satis,

197 1729 294 1792 llens
317 1746 435 1792 secura
458 1727 550 1792 velut
573 1728 689 1792 nitidis
713 1727 862 1792 convivia
886 1728 1022 1808 mensis,

244 1832 367 1910 Qualia
389 1833 564 1916 pontifices
588 1835 821 1899 concelebrare
845 1834 962 1898 solent.

198 1939 365 2005 Conscius
387 1943 424 2004 ut
448 1939 593 2016 sceleris,
617 1939 769 2022 quamvis
793 1941 933 2005 bellaria
956 1943 1072 2014 sumat,

246 2048 414 2130 Perpetua
437 2066 591 2112 moerens
615 2048 781 2113 anxietate
807 2047 906 2121 dolet,

127 2157 173 2221 15
201 2154 272 2230 Sic,
296 2153 353 2236 qui
378 2153 493 2219 virtuti
517 2154 663 2218 sacraria
685 2172 772 2236 pura
795 2153 926 2227 dicarit,

249 2260 357 2325 Nullis
381 2261 533 2326 fortunae
557 2260 691 2325 casibus
715 2262 925 2343 opprimitur.

199 2367 334 2432 Gaudet
358 2371 391 2431 ct
415 2371 467 2432 esl
490 2366 578 2447 felix,
602 2368 685 2431 hacc
709 2369 872 2450 quantum
897 2368 1039 2430 sustinet
1065 2371 1164 2437 cretas,

246 2472 363 2538 Dulcia
386 2472 567 2538 mellifluae
592 2493 728 2537 munera
751 2472 842 2556 pacis
867 2474 976 2537 habet.

201 2581 345 2661 Sceptra
368 2581 585 2661 tyrannorum
610 2580 706 2656 ridet,
730 2582 913 2644 contemnit
937 2582 1091 2651 honores,

125 2690 174 2754 ΞΟ
246 2687 338 2763 Quos
363 2685 466 2768 magis
491 2685 617 2768 indigni
642 2706 730 2750 nuuc
754 2688 896 2750 retinere
921 2688 1039 2750 solent.

202 2793 242 2857 Iu
267 2811 513 2875 quamcumque
537 2793 633 2857 cadat
658 2793 772 2857 mundi
797 2793 878 2856 laris
902 2794 973 2856 alca
997 2795 1137 2874 purtem,

188 2981 191 2986 Ι
246 2898 356 2982 Aequi
380 2898 560 2981 tranquillo
584 2900 682 2964 corde
707 2898 854 2981 bonique
880 2899 968 2962 lacit.

199 3005 244 3069 Ut
268 3003 364 3068 nobis
389 3004 489 3069 ialam
514 3005 612 3069 liceat
636 3005 799 3069 deducere
825 3005 936 3079 vitam,

246 3110 401 3175 Nitamur
424 3114 520 3176 totos.
547 3112 653 3176 dulcis
678 3112 791 3189 amice,
817 3112 895 3175 dies.

558 3309 769 3316 ——..

643 3446 694 3512 XI.

479 3587 539 3657 De
562 3587 765 3658 beneficiis
789 3588 863 3658 dei.

159 3751 172 3813 1
202 3748 357 3829 Magnum
382 3747 447 3812 iter
471 3750 625 3814 ascendo,
649 3750 708 3813 sed
732 3751 788 3813 dat
813 3749 893 3813 milri
918 3750 1022 3831 gralia
1047 3749 1142 3823 rires,

247 3854 360 3920 Gratia
384 3856 486 3919 divini
512 3856 659 3920 numinis
683 3876 741 3920 ora
765 3855 866 3920 iurat.

203 3959 273 4024 Hac
297 3962 370 4025 siue
394 3965 532 4026 conatus
556 3962 727 4026 hominum
753 3966 785 4026 et
809 3962 979 4026 molimina
1004 3982 1097 4036 rana,

246 4066 353 4146 Unde,
378 4068 469 4153 quod
493 4070 552 4147 est,
577 4067 700 4149 pariter
723 4069 860 4151 profluit
883 4088 981 4132 omne
1005 4069 1140 4132 bouum.

157 4176 176 4237 5
201 4173 283 4250 Quis
308 4175 500 4240 meditando
525 4179 626 4257 queat
650 4175 825 4258 complecti
849 4175 938 4240 clara
961 4175 1096 4256 benigni

245 4281 339 4346 Dona
363 4281 427 4360 dei,
452 4282 525 4345 sine
550 4300 616 4362 quo
640 4283 770 4345 constat
793 4281 828 4343 in
851 4282 933 4346 orbc
956 4279 1061 4345 nihil?
