2632 4718
512 760 753 822 -105-

212 932 321 1014 inquit
344 932 550 1014 Augustinus
561 931 605 1015 ⁴l)
629 933 744 997 sedulo
768 932 926 997 monendi
944 937 1023 998 sunt
1040 935 1168 998 schola-

212 1038 305 1117 stici,
336 1040 374 1101 ut
398 1024 530 1103 discant
561 1058 628 1102 non
652 1042 865 1102 contemnere
896 1059 1004 1121 neque
1031 1040 1168 1104 irridere

214 1144 384 1207 ministros
409 1144 578 1216 ecclcsiae,
596 1164 680 1224 quos
702 1144 969 1209 animadvertunt
995 1165 1070 1208 cum
1094 1147 1169 1209 bar-

124 1250 168 1312 25
215 1250 370 1313 barismis
386 1250 438 1313 rel
463 1250 667 1313 soloecismis
684 1251 783 1313 deum
807 1250 962 1314 invocare
978 1252 1030 1314 vel
1051 1253 1168 1315 eadem

214 1355 330 1429 rerba,
355 1374 441 1435 qnae
465 1355 698 1436 pronuntiant,
731 1375 798 1419 non
827 1355 1013 1438 intelligere
1037 1360 1169 1437 pertur-

212 1461 356 1541 bateque
373 1459 588 1540 distinguere.
624 1461 754 1523 Debent
779 1460 869 1524 enim
891 1462 989 1525 malle
1012 1461 1168 1540 veriores,

214 1584 313 1647 quam
337 1566 530 1629 disertiores
554 1566 670 1629 audire
694 1586 881 1644 sermones,
911 1567 998 1631 sicut
1022 1569 1169 1650 pruden-

213 1671 316 1735 tiores
340 1672 464 1735 amicos
488 1671 622 1749 habere,
638 1691 739 1752 quam
771 1671 984 1737 formosiores
1013 1676 1045 1736 et
1070 1693 1168 1737 nosse

124 1778 168 1841 30
212 1777 260 1841 ita
275 1777 531 1858 praeponendas
548 1775 657 1839 verbis
678 1778 872 1851 sententias
897 1781 933 1841 ut
948 1778 1168 1860 praeponitur

212 1881 344 1945 animus
368 1881 507 1962 corpori.
544 1881 823 1962 Obtemperemus
847 1902 922 1963 ergo
947 1883 1164 1965 praecipienti

213 1987 400 2068 Augustino
424 1986 679 2070 resiliamusque
709 2007 729 2051 a
759 1987 991 2052 criminatione
1016 1989 1168 2073 [insecta-

213 2092 370 2174 tioneque
387 2093 593 2169 clericorum,
617 2095 674 2175 qui
699 2097 810 2158 essent
827 2094 966 2172 ferendi,
991 2095 1168 2158 sitantum

219 2199 329 2280 lingua
362 2201 557 2280 peccarent,
589 2200 649 2262 sed
677 2199 784 2283 (quod
809 2200 901 2263 nefas
925 2200 991 2282 est)
1019 2200 1169 2281 quotidie

126 2306 167 2369 35
215 2303 369 2368 visuntur
400 2305 549 2368 moribus
581 2306 778 2369 decoloratis
810 2305 983 2385 maculosi,
1014 2305 1169 2370 omnibus

213 2409 344 2493 probris
368 2411 600 2487 contaminati,
630 2415 740 2475 mente
764 2413 798 2476 et
821 2412 933 2475 animo
958 2431 1024 2475 non
1048 2412 1169 2491 minus,

215 2537 315 2598 quarn
340 2517 453 2598 lingua
484 2521 516 2580 et
540 2537 596 2581 ore
621 2517 803 2598 depravati.
850 2519 921 2582 lam
950 2518 985 2582 in
1015 2517 1169 2582 manibus

214 2624 427 2686 sacerdotum
450 2642 511 2704 pro
530 2624 693 2687 Psalterio
717 2631 793 2688 sunt
817 2625 988 2688 chartulae
1007 2628 1169 2688 tesserae-

214 2748 280 2810 que
304 2727 459 2806 lusoriae,
484 2730 599 2793 inore
625 2749 691 2794 uon
716 2731 768 2793 dei
793 2751 914 2795 nomen
940 2734 1086 2805 resonat,
1111 2732 1170 2795 sed

126 2837 169 2899 40
214 2835 406 2914 maledicta3
446 2856 507 2917 pro
538 2835 653 2918 clypeo
684 2835 772 2914 fidei,
797 2854 858 2917 pro
888 2836 990 2900 lorica
1018 2835 1166 2900 iustitiae

214 2941 357 3006 induunt
381 2942 551 3006 thoracem
575 2941 732 3005 bellicum
757 2946 790 3005 et
814 2943 983 3024 parmulas
1006 2942 1168 3023 gladiato-

213 3048 295 3126 rias,
321 3046 435 3126 rixosi,
465 3047 681 3126 tumultuosi,
711 3048 875 3128 belligeri,
905 3048 1027 3130 quibus
1058 3048 1169 3112 nullus

214 3154 265 3218 dei
291 3157 409 3234 metuS,
434 3153 515 3217 nihil
539 3155 674 3237 penitus
699 3155 887 3235 religiosum
915 3159 1049 3237 practer
1073 3154 1170 3219 habi-

215 3262 284 3324 tum
308 3261 566 3338 sacerdotalem,
598 3261 661 3324 sub
686 3281 752 3342 quo
777 3261 913 3324 infanda
937 3261 1063 3342 llagitia
1087 3261 1169 3324 deli-

214 3369 355 3431 tescunt.
394 3368 432 3430 ln
457 3370 638 3432 multorum
662 3366 826 3430 cubiculis
851 3367 905 3445 (de
923 3367 1018 3430 malis
1035 3367 1170 3451 loquor)

214 3493 281 3537 non
305 3474 481 3538 canonicas
506 3474 688 3555 scripturas
713 3473 865 3554 aspicies,
890 3490 956 3533 non
979 3471 1169 3552 Evangelia,

214 3598 281 3642 non
305 3579 409 3643 libros
435 3580 576 3643 ullos-
596 3580 678 3659 quid
696 3578 785 3640 enim
811 3576 904 3640 libris
921 3596 1005 3660 opus
1029 3579 1080 3639 est
1103 3596 1169 3641 non

134 3683 137 3691 ’
214 3684 505 3767 intelligentibus?
542 3722 584 3730 -
625 3685 683 3747 sed
719 3685 867 3760 lanceas,
907 3683 1051 3764 gladios
1089 3683 1169 3763 pila,

213 3792 364 3854 sarissas.
401 3792 510 3856 Noctu
535 3792 612 3855 dum
637 3789 786 3856 fortassis
810 3792 973 3855 nocturna
996 3789 1169 3852 terricula-

126 3898 169 3961 50
214 3901 327 3961 menta
358 3898 534 3978 larvasque
576 3897 768 3975 formidant,
800 3896 967 3961 dormiunt
1006 3895 1168 3976 implicati

214 4004 442 4085 complexibus
467 4005 738 4077 concubinarum,
764 4003 921 4066 subantes
945 4000 977 4064 in
996 4003 1169 4083 Venerem,

214 4110 362 4173 colentes
387 4111 536 4173 ventrem
565 4113 597 4174 ct
622 4130 707 4192 quac
732 4109 795 4171 sub
819 4111 935 4170 ventre
964 4111 1060 4185 sunt,
1090 4126 1169 4170 con-

213 4215 362 4280 cinentes
386 4216 470 4279 illud
487 4217 775 4299 voluptuosorum:
802 4214 979 4293 „Edamus
1003 4214 1168 4293 bihamus,

212 4322 489 4388 concumbamus!
513 4342 586 4387 cras
610 4324 700 4387 enlm
723 4321 935 4388 moriemur.“
