2632 4718
923 368 933 382 ἱ

483 1000 720 1102 Praelatio.

149 1239 298 1302 loannes
345 1237 550 1302 llurmellius
602 1239 891 1304 Rrrremundensis
944 1239 1129 1305 liberalium

61 1345 184 1409 artium
211 1344 372 1409 studiosis
397 1345 605 1409 scholasticis
628 1345 769 1410 salutern
795 1346 884 1410 dicit.
912 1381 947 1394 -

151 1452 315 1517 Tririales
339 1451 475 1534 quidam
500 1453 713 1533 litteratores,
742 1453 810 1533 ubi,
838 1453 946 1517 aliena
975 1455 1028 1518 rel
1052 1456 1130 1518 doc·

65 1559 154 1622 trina
176 1559 228 1623 rel
252 1557 436 1641 scriptione
460 1558 581 1635 adiuti,
611 1578 715 1623 unum
744 1561 802 1624 aut
830 1558 971 1624 alterum
997 1564 1129 1641 poetam

65 1669 273 1741 enarrarunt,
290 1686 366 1732 mox
384 1686 423 1730 eo
436 1664 643 1748 arrogantiae
656 1664 969 1749 ingratitudinisque
984 1667 1129 1746 veniunt,

65 1776 101 1836 nt
136 1772 377 1837 beneficiorum
413 1772 447 1837 in
478 1792 513 1836 se
542 1773 740 1838 collatorum
772 1774 1000 1853 immemores,
1035 1775 1129 1856 quasi

64 1883 172 1944 tntum
197 1879 372 1944 Heliconis
388 1881 511 1944 sontem
533 1880 593 1943 soli
620 1879 797 1964 epotarint‚
822 1880 987 1945 neminem
1012 1882 1129 1946 melius

63 2007 163 2068 quam
189 2008 226 2050 se
250 1986 468 2051 scholasticos
493 1987 667 2052 docturum
696 1987 805 2070 palam
831 1988 943 2051 ausint
965 1986 1128 2052 iactitare.

171 2143 344 2158 ......
378 2093 483 2172 „Quid
508 2113 575 2159 non
600 2093 752 2159 mortalia
776 2096 911 2176 pectora
935 2095 1025 2175 cogis

238 2201 321 2266 Auri
345 2220 436 2265 sacra
460 2201 600 2265 ramese<
629 2254 635 2266 .
662 2255 668 2266 .
695 2254 701 2266 .
728 2254 734 2266 .
761 2254 767 2266 .
794 2201 836 2269 .¹l

154 2310 238 2373 Prae
270 2308 373 2372 nimia
403 2309 566 2390 pecuniae
598 2308 782 2391 cupiditate
819 2309 977 2391 neglectis
1010 2309 1129 2373 osticiis

61 2416 215 2498 plerique
239 2434 298 2479 sua
321 2416 534 2497 impudenter
550 2416 716 2498 ingerunt,
739 2435 880 2499 quorum
898 2417 1002 2498 magis
1019 2416 1129 2481 aliena

60 2523 250 2588 verecunde
286 2521 414 2586 discere
449 2522 638 2587 interesset.
686 2524 753 2587 Sed
785 2523 867 2604 quid
901 2523 986 2587 sual
1024 2524 1128 2588 Immo

60 2631 184 2695 atiena.
219 2629 365 2694 Tametsi
390 2630 542 2694 homines
566 2629 658 2693 scioli
684 2629 797 2694 attrita
814 2632 921 2695 fronte
938 2630 1003 2693 sibi
1019 2630 1126 2694 aliena

59 2755 197 2819 quoque
222 2737 399 2800 vendicare
429 2756 657 2819 usurpareque
686 2736 770 2800 nihil
795 2738 982 2800 vereantur.
1031 2738 1127 2802 Unde

61 2843 145 2908 iilud
172 2842 383 2907 verissimum
405 2843 652 2925 comprobatur.
677 2844 767 2924 quod
784 2846 870 2907 teste
888 2841 1128 2928 Hieronymol)

61 2950 153 3032 apud
170 2950 314 3014 Graecos
330 2950 481 3033 ponitur:
508 2949 699 3030 „Imperitia
716 2948 962 3014 confidentiam.
986 2950 1128 3014 eruditio

62 3059 217 3120 timorem
241 3059 363 3121 ereat.“

154 3164 265 3243 „Nihil
291 3165 386 3246 peius
409 3168 459 3228 est
476 3163 549 3243 iis“‚
573 3165 611 3228 ut
628 3163 787 3246 Fabiusss)
811 3164 867 3241 ait,
895 3163 973 3245 „qui
990 3164 1126 3244 paulum

61 3272 187 3355 aliquid
202 3273 289 3337 ultra
302 3273 427 3354 primas
441 3274 567 3338 litteras
580 3274 746 3354 progressi
761 3272 876 3337 falsam
891 3272 953 3336 sibi
968 3271 1127 3336 scientiae

60 3380 315 3462 persuasionem
340 3380 530 3444 induerunt.
580 3380 665 3444 Nam
694 3381 727 3443 et
756 3380 874 3443 cedere
900 3378 1128 3460 praecipiendi

59 3487 179 3568 peritis
203 3485 419 3568 indignantur
443 3491 475 3551 et
491 3487 581 3551 velut
600 3486 671 3551 iure
689 3486 832 3568 quodam
851 3485 1036 3568 potestatis„
1062 3505 1129 3567 qua

59 3593 130 3657 sere
156 3595 218 3657 hoc
251 3594 421 3657 hominum
451 3613 555 3674 genus
584 3592 791 3670 intumescit,
823 3593 994 3674 imperiosi
1027 3595 1127 3674 atque

59 3701 196 3766 interim
226 3701 414 3764 saevientes
444 3701 620 3766 stultitiam
651 3721 745 3766 suam
775 3701 987 3783 perdocent.“
1038 3700 1128 3777 Qua·

24 3797 29 3806 ’
60 3812 201 3889 propter
224 3807 318 3871 robis
343 3809 490 3887 consulo,
519 3809 717 3879 scholastici,
749 3809 941 3889 quicunque
965 3809 1128 3871 bonarum

136 4005 157 4061 ¹1
178 4002 277 4070 Vergit.
298 4004 394 4054 Aeneis
414 4003 460 4055 ΙΙΙ.
479 4005 521 4058 56.
542 4006 584 4059 57.

135 4091 157 4149 *t
177 4090 363 4158 Hieronymus.
384 4091 504 4158 Epistola
523 4093 554 4143 art
577 4093 726 4160 Evagriuur.

135 4180 158 4245 ³)
177 4180 210 4231 ll.
233 4180 328 4231 Fabius
349 4181 539 4244 Quintilianus.
561 4181 677 4234 institut.
701 4184 797 4235 orator.
820 4181 838 4232 l.
862 4183 882 4233 l.
902 4183 927 4231 a.

913 4307 932 4367 Ξ
