2632 4718
540 553 759 619 ..37-

228 731 361 797 Laudes
386 731 429 797 ad
455 731 579 796 domini
604 733 688 815 pias,

227 839 331 905 Cuius
355 839 494 904 numine
518 841 598 904 sunt
620 839 732 904 omnia
755 838 902 915 condita,

228 946 374 1012 Cunctas
398 966 451 1011 res
475 946 613 1011 memori
637 947 736 1011 corde
761 946 862 1011 sacris
884 946 1020 1011 vocibus
1039 944 1179 1027 impulit.

227 1089 260 1154 Is
284 1089 434 1154 cauteria
459 1092 626 1170 temperat

227 1195 382 1277 aegrotis
405 1197 524 1263 oculis·
545 1215 631 1278 quae
655 1197 763 1262 bonus
787 1196 935 1279 applicat

115 1304 176 1386 90)
230 1302 426 1385 Chirurgus,
452 1303 609 1387 precibus
633 1301 828 1368 munificum
852 1303 1032 1369 concilians
1055 1303 1165 1368 deurn.

229 1446 268 1510 ln
293 1446 407 1511 vinum
432 1445 576 1528 liquidas
600 1465 705 1528 aquas

230 1553 413 1618 Convertit.
439 1553 592 1618 modulos
617 1571 772 1636 nuncque
795 1553 913 1618 avibus
936 1553 1010 1635 pios

228 1660 349 1725 Indicit
372 1661 502 1744 placida
526 1680 605 1724 voce
629 1661 727 1743 pater
751 1679 906 1743 nuncque
930 1659 1107 1725 silentium.

228 1804 313 1868 Cum
336 1806 492 1886 serpente
516 1802 694 1886 pecuniam

228 1910 378 1984 Mutavit,
402 1909 535 1976 famulis
560 1910 692 1974 edocuit
717 1910 780 1983 dei,

112 2019 173 2101 96)
230 2015 328 2095 Quod
340 2021 511 2100 tamquam
525 2016 654 2082 colubri
667 2016 765 2081 noxia
778 2020 855 2081 sunt
867 2016 958 2082 fulva
971 2017 1178 2083 nomismata.

227 2160 350 2241 Mystas
374 2159 502 2242 egregie
525 2159 638 2224 colens

230 2265 356 2348 Insigni
381 2266 509 2331 domuit
533 2285 568 2330 sc
592 2265 754 2350 patientia

229 2373 299 2438 Nec
324 2373 459 2438 morbos
482 2373 584 2438 animi
609 2374 716 2438 secius
740 2393 778 2439 ac
802 2375 951 2457 corporis
976 2375 1124 2440 abstulit.

228 2516 378 2581 Tandem
403 2515 518 2580 iuncta
541 2517 712 2581 laboribus

225 2624 330 2697 Mens,
354 2624 420 2688 ianr
444 2625 613 2705 corporeis
639 2624 744 2689 libera
766 2625 916 2701 vinculis

116 2734 197 2817 101)
228 2732 268 2795 ln
290 2731 388 2796 sedes
411 2731 537 2795 nitidas
562 2731 708 2814 empyrei
734 2732 866 2796 ducitur
890 2732 1048 2796 aetheria.

227 2872 298 2938 lllic
321 2871 505 2956 perfruitur
529 2872 584 2938 dei

228 2980 320 3045 Felix
342 2979 469 3044 intuitu
493 2983 659 3062 nactaque
683 2981 837 3063 proprias

228 3088 431 3172 Paupertate
456 3087 549 3153 brevi
574 3088 705 3153 divitias
730 3089 841 3152 omnia
865 3089 1024 3172 possidet.

227 3229 331 3295 Cuius
354 3230 524 3314 praesidio
548 3235 655 3312 pater,

226 3337 353 3402 Rerum
378 3337 530 3403 conditor
553 3342 584 3402 et
611 3340 773 3402 maximus
798 3338 932 3417 arbiter,

115 3446 196 3531 107)
227 3444 415 3527 Tutelaque
438 3446 526 3509 bono
549 3464 602 3509 res
629 3446 801 3509 hominum
824 3446 977 3511 sublevat
1001 3447 1146 3510 obrutas.

227 3587 425 3652 Franciscus
449 3590 580 3652 revocet
603 3607 665 3651 suo

226 3729 266 3743 —
292 3695 364 3759 Noe
387 3731 432 3740 -
455 3696 640 3778 patrocinio
662 3694 808 3760 iustitiae
833 3694 866 3758 in
892 3695 978 3760 viam

227 3802 268 3864 Et
290 3801 398 3885 pulsis
422 3802 570 3866 tenebris
595 3801 772 3867 clarificam
797 3802 854 3865 det
878 3796 1095 3883 sapientiam!

381 4101 933 4158 *mff34„..„„ffi
