2632 4718
558 562 778 629 „35-

125 744 169 808 15
220 740 294 826 ipse
316 761 414 825 agere
437 745 495 808 aut
517 743 697 826 quicquam
714 741 882 809 dormiens
899 741 1004 807 altum
1020 762 1058 808 ac
1075 743 1197 825 gloriae

219 849 361 933 plenum
374 848 553 914 meditari?
571 848 656 914 Tum
674 849 775 914 etiam
792 849 837 914 sit
849 868 869 913 a
880 849 1019 914 Veneris
1032 849 1199 916 amoribus

221 975 373 1034 aversus,
397 956 521 1038 quibus
544 955 573 1020 si
597 975 632 1020 se
656 956 796 1036 dederit,
820 975 889 1020 non
910 956 1003 1021 aliud
1020 957 1199 1039 quiequam

220 1062 331 1145 possit
362 1064 527 1146 cogitare,
559 1081 660 1145 quam
689 1063 787 1143 illud,
824 1064 914 1145 quod
946 1063 1063 1145 diligit.
1115 1063 1200 1128 Nam

221 1168 311 1235 vitiis
346 1169 510 1234 eiusmodi
545 1169 707 1252 pellectus
747 1168 878 1234 animus
918 1189 978 1234 nec
1012 1170 1200 1254 praemium

127 1280 175 1342 20
221 1275 415 1349 iucundius,
440 1295 540 1358 quam
565 1275 711 1341 fructum
734 1275 883 1341 libidinis
911 1295 972 1341 nec
996 1276 1200 1359 supplicium

222 1382 368 1466 grauius
393 1401 492 1464 quam
519 1381 770 1448 frustrationem
794 1382 984 1466 cupiditatis
1001 1383 1197 1448 existimat.“

227 1528 265 1538 -
291 1487 456 1576 seneca2)
480 1491 522 1554 ad
547 1489 710 1554 Lucilium
734 1489 883 1554 scribens
912 1489 960 1554 sic
990 1491 1053 1555 ait:
1086 1490 1202 1570 ,Hanc

225 1617 301 1679 ergo
325 1615 444 1661 sanam
472 1599 505 1661 el
531 1597 700 1661 salubrem
723 1595 861 1661 formam
891 1597 979 1662 ritae
1007 1599 1137 1676 tenete,
1166 1599 1202 1661 ut

226 1705 358 1787 corpori
382 1707 513 1769 tantum
538 1703 755 1786 indulgeatis,
787 1707 948 1787 quantum
977 1705 1084 1768 bonae
1114 1705 1203 1768 rale-

130 1814 177 1877 25
226 1811 337 1876 tudini
362 1811 445 1875 satis
470 1815 530 1875 est.
556 1812 679 1876 Durius
704 1812 916 1875 tractandum
939 1815 1000 1891 est,
1024 1831 1067 1874 ne
1092 1811 1203 1875 animo

229 1919 316 1983 male
350 1922 498 2000 pareat.“
559 1917 746 1983 Imitandus
782 1919 832 1982 est
866 1918 902 1983 in
936 1919 999 1983 hoc
1037 1919 1204 1994 Socrates,

228 2046 339 2108 quem,
363 2031 402 2090 ut
418 2025 544 2090 Gellius
553 2024 581 2110 3)
606 2025 716 2103 refert,
736 2025 975 2108 „temperantia
992 2025 1095 2089 luisse
1111 2027 1205 2090 tanta

228 2132 390 2198 traditum
414 2134 477 2212 est,
500 2135 539 2196 ut
562 2133 661 2197 etiam
686 2133 797 2196 omnia
820 2132 889 2197 fere
912 2131 1000 2196 ritae
1025 2152 1104 2197 suae
1121 2135 1205 2196 tem-

227 2259 313 2322 pora
340 2239 531 2304 ualetudine
560 2238 724 2304 inoffensa
753 2239 880 2304 vixerit.
929 2240 967 2303 ln
990 2238 1080 2303 illius
1104 2239 1205 2303 etiam

135 2349 183 2412 30
231 2345 442 2428 pestilentiae
465 2345 628 2421 rastitate,
653 2366 739 2428 quae
760 2346 795 2410 in
816 2346 904 2412 bello
921 2347 1204 2429 Peloponnesiaco

231 2452 384 2534 apprime
400 2452 509 2535 ipsam
524 2452 779 2517 Atheniensium
804 2452 975 2518 civitatem
999 2452 1204 2517 internecino

230 2579 351 2640 genere
375 2560 482 2624 morbi
507 2560 707 2643 depopulata
723 2564 784 2635 est,
808 2559 1011 2643 isparcendi
1028 2560 1203 2624 moderan-

231 2667 333 2748 dique
356 2666 542 2731 rationibus
567 2666 686 2731 dicitur
715 2669 749 2730 et
778 2687 797 2730 a
820 2667 1028 2750 voluptatum
1052 2667 1126 2730 labe
1150 2686 1205 2730 ca-

230 2774 319 2837 visse
343 2776 376 2838 et
399 2773 614 2838 salubritates
638 2773 788 2855 corporis
812 2773 1000 2851 retinuisse,
1025 2775 1062 2837 ut
1079 2793 1204 2856 nequa-

139 2882 184 2946 35
229 2900 331 2962 quam
354 2879 454 2945 fuerIt
477 2879 645 2946 communi
669 2880 818 2944 omnium
841 2880 926 2945 cladi
950 2879 1144 2945 obnoxius.

651 3113 703 3176 IX.

141 3253 264 3349 Quod
286 3251 496 3323 mediocria
520 3253 690 3323 facultas
711 3251 950 3323 scholastico
966 3252 1118 3341 optima
1134 3256 1207 3321 est.

170 3419 184 3481 l
236 3415 280 3479 Ul
304 3413 424 3480 litteris
446 3434 564 3480 uacare
587 3414 661 3497 quis
677 3414 794 3497 possit,
819 3434 931 3478 rerum
947 3413 1209 3478 necessariarum

235 3521 394 3587 facultate
426 3540 510 3603 opus
543 3522 652 3586 habel.
707 3520 784 3586 Non
814 3520 903 3586 enim
933 3521 1105 3585 commode
1137 3519 1210 3584 lieri

235 3630 358 3711 potest,
383 3631 420 3694 ut
444 3628 596 3710 quaestui
621 3629 720 3694 homo
744 3627 905 3692 inserviat
928 3630 962 3692 et
986 3627 1084 3692 simul
1101 3627 1211 3709 plrilo-

236 3736 373 3819 sophiae
385 3735 507 3801 studiis
519 3735 700 3801 incumbat.
726 3737 914 3800 Prudenter
926 3736 1016 3817 apud
1029 3734 1210 3819 Aegyptios

170 3845 190 3907 5
238 3863 318 3924 gens
342 3844 612 3926 presbyterorum
638 3842 762 3908 habitis
785 3843 873 3908 ritae
890 3841 1085 3906 necessariis
1101 3841 1211 3924 philo-

241 3950 377 4032 sophari
409 3949 536 4031 coepit,
568 3949 734 4031 siquidem
763 3952 796 4013 et
824 3948 957 4031 sapiens
987 3952 1020 4013 el
1048 3948 1154 4013 iustus
1179 3952 1212 4014 et

239 4057 339 4121 ceteri
370 4058 471 4122 rebus
500 4057 553 4121 his
584 4057 748 4137 indigent,
785 4075 868 4138 quae
897 4054 1105 4120 necessariae
1135 4058 1213 4120 sunt

240 4164 282 4229 ad
306 4163 418 4229 vitam.
444 4164 486 4229 Et
511 4165 546 4228 ut
569 4162 647 4228 alibi
669 4163 757 4227 idem
773 4162 971 4227 Aristoteles
988 4161 1080 4226 dicit:
1107 4161 1212 4241 „Fieri

1002 4302 1044 4369 3.
