2632 4718
540 692 754 756 -11..

242 868 457 950 Decrepiturn
480 869 620 950 capulus
644 872 676 932 et
701 868 846 932 Libitina
869 871 991 932 manet.

189 974 307 1039 Tertia
330 976 389 1040 scd
412 976 501 1039 vitae
525 976 641 1057 paucis
664 975 856 1039 conceditur
879 977 980 1052 aetas

125 1084 171 1146 50
242 1082 325 1146 Pars
347 1081 526 1147 immatura
549 1081 692 1147 maxima
715 1083 823 1147 morte
847 1079 945 1145 cadit.

191 1187 256 1252 Hic
279 1187 388 1269 gladio
411 1187 563 1267 moritur,
588 1186 691 1252 fluvio
716 1187 915 1268 demergitur
938 1186 1033 1263 alter,

243 1293 343 1358 Hunc
366 1292 486 1370 febres,
509 1293 604 1357 illum
626 1293 736 1358 toxica
760 1293 832 1357 dira
855 1297 987 1358 necant.

192 1399 300 1464 Unius
323 1398 400 1463 finis
423 1402 546 1482 gradus
570 1403 621 1464 est
645 1403 678 1463 et
701 1401 793 1481 origo
817 1399 938 1463 laboris

242 1506 401 1584 Alterius
427 1505 560 1589 requies
584 1525 650 1570 non
675 1506 748 1570 sine
772 1510 878 1571 rnorte
903 1508 1010 1570 datur.

127 1615 170 1676 55
196 1613 212 1675 J
237 1631 336 1686 nunc,
361 1613 440 1676 tolle
463 1613 593 1677 animos
617 1613 652 1677 et
674 1611 774 1676 vilem
798 1613 932 1694 despice
956 1612 1088 1694 plebem

242 1718 431 1800 Exultaque
455 1737 558 1800 super
581 1719 772 1783 conditione
796 1719 870 1783 tua!

192 1824 273 1888 Esse
297 1827 398 1906 putas
422 1824 560 1906 aliquid,
584 1824 644 1890 scd
668 1823 817 1889 simodo
841 1844 920 1888 rora
943 1823 1066 1898 lateris,

242 1929 340 1994 Bulla
363 1931 461 1995 hodie
485 1951 530 2009 eS,
555 1930 666 1996 forsan
692 1951 765 1996 cras
790 1930 856 1995 eris
880 1931 952 2011 ipso
977 1929 1068 1994 nihil.

618 2228 677 2292 Ill.

134 2384 195 2453 De
219 2383 334 2453 malis
358 2403 408 2453 ex
431 2404 597 2474 corpore
621 2385 797 2456 humano
820 2386 1156 2474 provenientibus.

109 2505 176 2576 Ad
211 2506 487 2578 doctissimum
520 2509 718 2579 bonarum
760 2510 905 2579 artium
944 2511 1179 2599 magistrum

253 2614 415 2684 Petrum
438 2615 688 2685 Nehemeum
698 2621 722 2703 ยน)
745 2616 1037 2705 Drolshagium.

156 2779 168 2838 l
198 2775 383 2840 Aethereae
407 2779 510 2841 menti
536 2779 685 2860 contagio
709 2780 857 2860 corporis
881 2779 1001 2858 obstat,

241 2884 387 2964 Spiritus
411 2884 570 2955 ascendit,
595 2885 751 2967 deprimit
778 2907 875 2967 aegra
900 2904 985 2949 caro,

195 2989 290 3053 Unde
313 2990 462 3073 profecta
485 2991 558 3065 suit,
582 3011 676 3055 inens
700 2991 733 3055 in
758 2991 916 3057 coelestia
939 2993 1056 3060 tendit.

244 3097 323 3160 Eius
348 3097 415 3160 vini
436 3097 585 3179 reprimit
610 3117 731 3179 cornus
757 3098 790 3160 in
815 3097 880 3162 irna
904 3100 1049 3162 buliens.

149 3211 168 3270 5
194 3206 287 3270 lllens
311 3225 364 3268 res
389 3205 519 3269 dininas
543 3204 712 3268 reminisci
737 3209 840 3282 curat,
866 3208 899 3268 et
921 3204 1032 3286 ipsum

240 3312 347 3376 Nosse
372 3312 475 3401 deurn
497 3331 577 3375 sane
603 3331 703 3392 qnam
727 3311 877 3375 studiosa
901 3312 1008 3393 cupit!

190 3418 317 3482 Nititur
340 3418 516 3482 aethereae
541 3439 616 3481 sese
641 3418 843 3500 coniungere
868 3419 945 3497 luci,

240 3526 337 3602 Quod
361 3524 424 3588 snb
449 3545 609 3606 corporeo
634 3528 770 3606 pectore
795 3525 903 3588 lurnen
929 3526 1027 3589 inest.

191 3631 322 3695 Inducit
346 3631 502 3695 tenebras
526 3633 559 3694 et
583 3651 680 3694 carica
703 3631 825 3695 oblivia
848 3651 970 3713 corpus

129 3740 168 3802 10
235 3737 278 3800 ut
302 3737 446 3802 coeleste
471 3737 551 3800 sinit
573 3737 784 3818 pensiculare
809 3737 904 3802 nihil.

189 3845 364 3926 indulgere
388 3844 484 3926 gulae
507 3844 594 3924 cogit
618 3844 810 3926 serviroque
834 3845 941 3908 neutri

239 3950 281 4014 Et
306 3950 472 4015 Bacchum
499 3951 600 4014 nrulto
626 3952 859 4015 concelebrare
884 3971 986 4017 mero.

188 4057 284 4139 Cogit
308 4061 342 4120 el
367 4057 490 4122 Idaliae
514 4059 665 4121 flammas
689 4059 830 4122 tolerare
856 4059 980 4122 Diones

239 4163 474 4246 Excubiasque
498 4165 567 4246 pati
592 4163 728 4229 Thaidis
738 4164 766 4248 2)
791 4169 867 4230 aute
891 4165 989 4229 fores.

129 4270 168 4334 15
193 4270 280 4335 Hinc
304 4271 386 4335 rarii
411 4274 552 4353 surgunt
575 4270 692 4351 morbi,
717 4270 840 4352 quibus
865 4291 964 4353 aegra
987 4268 1110 4332 fatiscit
