2632 4718
626 725 845 795 ..34-

315 906 426 973 verbis
450 907 527 988 iob,
559 907 739 989 inquibus
768 906 829 973 aii:
863 907 1003 987 „Pereat
1031 907 1122 1004 dies,
1155 908 1192 975 in
1215 929 1274 993 qua

315 1014 415 1078 natus
438 1033 512 1078 sum
536 1015 568 1079 el
585 1033 660 1094 nox,
684 1013 718 1077 in
735 1033 803 1096 qua
819 1012 944 1078 dicium
965 1016 1032 1078 esi:
1060 1013 1272 1098 „Conceptus

255 1123 274 1186 5
323 1122 373 1185 est
389 1121 528 1184 homo““
556 1140 663 1202 usque
687 1121 821 1184 adeum
846 1120 969 1195 locum,
994 1119 1053 1184 ubi
1077 1123 1161 1187 anie
1178 1121 1272 1186 linem

314 1225 492 1290 voluminis
522 1227 683 1309 scriplum
706 1229 773 1290 est:
807 1226 953 1304 „idcirco
976 1223 1055 1308 'ipse
1080 1247 1137 1291 me
1163 1248 1272 1311 repre·

313 1333 423 1397 hendo
453 1334 486 1396 et
515 1350 577 1413 ago
608 1331 849 1415 poenitentiam
876 1332 911 1395 in
939 1331 1052 1396 favilla
1082 1336 1116 1396 et
1142 1333 1269 1398 cinere“

315 1438 499 1503 hexametri
523 1457 641 1502 versus
669 1439 749 1502 sunt
772 1438 902 1519 daciylo
931 1438 1177 1520 spondaeoque
1201 1459 1271 1503 cur-

318 1546 430 1608 rentes
447 1545 480 1607 el
495 1545 634 1627 propter
650 1543 781 1626 linguae
799 1543 920 1608 idioma
935 1544 1052 1608 crebro
1069 1544 1272 1627 recipientes

229 1653 268 1715 10
315 1653 348 1714 et
382 1648 465 1713 alios
499 1649 603 1732 pedes
637 1669 704 1715 non
739 1650 920 1714 earundem
955 1649 1181 1730 syllabarum,
1217 1651 1270 1714 sed

313 1756 497 1820 eorundem
515 1757 714 1837 temporum.
751 1755 923 1819 Inierdum
940 1773 1073 1837 quoque
1096 1755 1270 1837 rhythmus

310 1861 382 1943 ipse
407 1861 513 1925 dulcis
537 1864 570 1925 et
592 1861 743 1926 iinnulus
767 1860 871 1925 fertur
896 1859 1042 1926 numeris
1063 1862 1196 1943 pedum
1220 1883 1270 1928 so-

311 1966 408 2042 lutis,
432 1968 523 2049 quod
552 1967 680 2031 metrici
711 1968 834 2048 magiS,
858 1987 959 2050 quarn
992 1968 1135 2051 simplex
1167 1971 1270 2036 leclor

312 2073 515 2153 intelligunt.
561 2073 591 2136 A
616 2073 808 2155 supradicio
833 2075 945 2137 autern
969 2094 1068 2139 versu
1094 2077 1270 2158 usquead

311 2178 412 2262 finem
436 2179 512 2242 libri
536 2198 676 2262 parrum
700 2199 839 2254 cornrna,
864 2181 955 2261 quod
978 2186 1139 2260 remanel,
1171 2203 1271 2264 prosa

310 2286 459 2349 oratione
483 2285 680 2349 contexitur.
728 2286 825 2363 Quod
857 2285 884 2348 si
914 2286 967 2349 cui
1000 2286 1132 2351 videtur
1161 2288 1270 2352 incre-

312 2392 446 2470 dulum,
475 2394 581 2454 metra
606 2392 732 2455 scilicet
760 2412 832 2454 esse
864 2392 952 2473 apud
978 2392 1152 2456 Hebraeos
1179 2399 1210 2457 el
1238 2397 1270 2458 in

311 2518 435 2562 rnorem
462 2498 566 2560 nostri
591 2498 700 2561 Flacci
725 2497 910 2580 Graecique
935 2499 1071 2562 Pindari
1096 2503 1130 2562 el
1151 2501 1268 2565 Alcaei

311 2608 345 2668 el
381 2605 538 2686 Sapphus
578 2605 628 2667 rel
665 2603 864 2667 Psalterium
904 2605 955 2667 rel
991 2604 1269 2669 Lameniaiiones

225 2711 268 2772 20
314 2710 504 2773 Hieremiae
535 2711 586 2773 rel
611 2709 721 2773 ornnia
746 2711 847 2774 lerrne
872 2710 1110 2792 scripturarum
1136 2715 1269 2776 canlica

309 2816 561 2899 comprehendi,
593 2818 679 2898 legal
703 2815 890 2891 Philonem,
919 2816 1123 2896 losephum‚
1150 2817 1268 2898 Orige-

312 2943 398 3001 nem,
424 2924 674 2986 Caesariensem
699 2921 880 2985 Eusebium
920 2925 952 2985 el
976 2942 1090 2986 eornm
1115 2924 1269 2987 lesiimo-

309 3030 364 3091 nio
390 3049 441 3091 rne
468 3049 580 3091 rerurn
606 3030 715 3092 dicere
740 3027 979 3109 cornprohahil.

681 3258 776 3321 XLV.

196 3399 257 3466 Ex
282 3396 460 3465 eiusdem
488 3397 735 3484 praefatione
763 3398 805 3465 in
833 3396 1030 3467 Chronica
1053 3398 1266 3484 Eusebii.¹)

399 3558 485 3636 Quid
522 3559 684 3623 Psallerie
722 3558 894 3637 canorius,
930 3560 1020 3639 quod
1062 3559 1096 3621 in
1134 3580 1265 3624 morem

310 3665 416 3728 noslri
434 3664 542 3728 Flacci
559 3665 743 3746 Graecique
762 3664 896 3728 Pindari
916 3685 1002 3727 nunc
1020 3664 1130 3728 iambe
1148 3668 1264 3741 curril,

306 3792 394 3834 nuno
430 3770 564 3834 Alcaico
600 3774 777 3852 personat,
814 3792 902 3835 nunc
937 3771 1107 3852 Sapphico
1143 3773 1264 3852 iurnei,

307 3898 395 3941 nunc
432 3877 602 3957 semipede
639 3877 846 3958 ingreditur?
893 3878 981 3953 Quid
1011 3877 1264 3941 Deuteronomii

241 3988 258 4047 5
307 3987 340 4047 el
379 3983 497 4047 Esaiae
536 3985 664 4047 caniico
703 3984 900 4066 pulchrius?
955 3984 1044 4060 Quid
1083 3984 1264 4049 Salomone

305 4091 458 4170 gravius?
494 4091 580 4168 Quid
598 4090 779 4171 perfectius
796 4091 880 4154 lob?
913 4090 1006 4166 Quae
1023 4091 1137 4154 omnia
1162 4091 1264 4156 hexa-

305 4198 421 4260 meiris
452 4200 486 4261 ei
519 4197 737 4278 peniarnclris
768 4197 922 4260 rersibus
951 4197 1005 4277 (ul
1029 4196 1198 4278 ,rosepnus
1230 4203 1265 4261 el

306 4305 466 4384 Origenes
484 4304 651 4388 scriboni)
667 4304 756 4384 apud
772 4323 850 4367 suos
868 4302 1048 4385 cornposiia
1068 4304 1263 4368 decurrunt.
