2632 4718
602 585 824 653 ..28-

272 784 359 848 quae
382 763 504 847 partim
527 763 671 840 fortuna,
694 765 815 849 partim
838 764 912 848 ipse
935 763 1000 830 sibi
1023 764 1133 845 homo,
1162 765 1246 832 deus

272 873 363 939 solus
386 871 497 938 omnia
519 874 691 956 praestare
711 874 831 957 potest.
856 872 976 938 Fateor
992 872 1158 955 equidem,
1181 874 1246 940 hoc

271 980 414 1047 arduum
438 998 512 1044 esse
536 981 569 1044 et
592 979 687 1061 longe
712 977 941 1044 difficillimum
965 978 1105 1063 ideoque
1129 980 1246 1047 doctos

189 1089 227 1154 15
270 1087 424 1154 homines
455 1085 490 1149 in
521 1085 612 1151 omni
643 1086 775 1150 saeculo
807 1106 961 1169 perraros
992 1086 1097 1151 fuisse
1127 1090 1243 1154 testor.

273 1196 395 1260 Verum
411 1193 562 1275 quamvis
577 1211 685 1275 pauca
700 1193 820 1274 desint,
836 1211 933 1257 nemo
947 1193 990 1259 ob
1006 1194 1042 1258 id
1054 1193 1247 1260 litterarum

272 1301 391 1366 studiis
415 1320 451 1365 se
473 1299 614 1365 abdicet.

318 1408 396 1489 ,Est
419 1406 529 1489 aliquo
550 1405 686 1489 prodire
704 1410 814 1487 tenus,
839 1409 867 1472 si
890 1426 958 1472 non
974 1408 1074 1472 datur
1089 1407 1246 1494 ultra.“¹)

272 1515 348 1580 Non
379 1533 495 1578 omnes
524 1513 724 1578 Aristoteles
753 1517 811 1578 aut
834 1512 1013 1579 Cicerones
1036 1519 1095 1580 aut
1121 1514 1245 1580 Hiero-

183 1625 226 1688 20
272 1620 362 1704 nymi
389 1619 560 1685 Aureliive
587 1640 661 1686 esse
688 1639 882 1703 possumus,
911 1640 1021 1705 neque
1049 1641 1089 1686 ea
1119 1620 1246 1704 ingenii

270 1728 420 1805 felicitas,
437 1728 574 1811 quaein
591 1728 719 1792 Joanne
737 1726 849 1809 Pieo2)
872 1747 980 1810 nuper
996 1728 1070 1807 luit,
1086 1727 1245 1794 omnibus

272 1835 443 1916 contingit.
498 1835 640 1900 Studeat
673 1837 788 1899 tamen
822 1836 976 1900 certatim
1010 1835 1244 1918 unusquisque

271 1960 332 2006 nec
348 1939 496 2006 desidiae
512 1960 593 2006 suae
615 1941 666 2006 vel
687 1942 819 2006 tardum
842 1941 1013 2024 ingenium
1036 1943 1088 2007 vel
1112 1942 1245 2008 futilem

273 2048 465 2113 memoriam
495 2067 649 2113 rerumve
676 2048 823 2130 inopiam
845 2050 1053 2131 praetendat.
1083 2049 1120 2115 Si
1144 2051 1244 2117 modo

185 2157 226 2221 25
273 2174 334 2220 suo
357 2155 420 2219 sibi
444 2156 616 2220 commodo
633 2156 732 2220 homo
748 2156 820 2238 ipse
844 2175 912 2222 non
935 2157 1031 2235 desit,
1056 2159 1090 2220 et
1110 2157 1245 2222 fortuna

272 2262 433 2345 aspirabit
446 2264 479 2327 et
491 2264 573 2327 deus
583 2262 799 2346 opitulabitur
808 2281 911 2345 eoque
925 2263 1109 2344 sapientiae
1122 2264 1243 2329 studiis

271 2370 489 2452 provehetur,
513 2373 551 2434 ut
575 2370 743 2435 Persicam
766 2370 940 2450 luxuriem,
964 2369 1080 2434 Croesi
1103 2389 1185 2453 opes
1210 2374 1243 2435 et

272 2475 413 2558 Augusti
436 2475 627 2542 felicitatem
650 2475 746 2542 facile
770 2476 940 2559 despiciat.

686 2673 739 2737 IV.

303 2830 365 2901 De
388 2829 578 2901 scientiae
602 2830 820 2919 cupiditate
844 2830 1125 2920 comparanda.

209 3031 222 3094 1
272 3029 438 3095 Scientiae
469 3029 634 3112 cupiditas
665 3029 793 3093 homini
825 3030 945 3094 natura
973 3029 1076 3109 inest,
1112 3031 1244 3112 signum

272 3137 367 3201 cuius
398 3140 449 3201 est
479 3137 551 3219 ipse
584 3155 743 3202 sensuum
774 3155 875 3201 amor.
923 3137 1018 3201 illam
1046 3139 1160 3202 tamen
1190 3138 1244 3202 vel

272 3243 459 3325 depravatis
487 3243 699 3326 opinionibus
727 3243 916 3326 mentisque
945 3243 1076 3326 ignavia
1107 3245 1244 3326 reprimi

271 3351 324 3415 vel
354 3351 454 3415 rectis
483 3349 759 3433 persuasionibus
789 3370 827 3415 ac
857 3352 998 3415 honesta
1026 3351 1243 3415 meditatione

206 3458 226 3521 5
272 3457 423 3522 adiuvari
446 3477 554 3540 posse,
579 3477 646 3522 non
671 3457 811 3522 dubium
835 3460 894 3522 est.
926 3456 1057 3540 Cogitet
1080 3457 1245 3540 imprimis

272 3583 366 3647 puer,
390 3567 423 3629 et
446 3568 485 3630 ut
507 3565 542 3629 id
566 3565 683 3629 sedulo
705 3565 837 3647 cogitet,
861 3568 1036 3648 aparente
1052 3565 1106 3629 vel
1121 3566 1246 3648 paeda-

272 3692 355 3754 gogo
372 3672 600 3752 admoneatur,
623 3675 787 3754 quantum
803 3673 901 3737 bomo
918 3673 1089 3736 litteratus
1105 3671 1245 3754 reliquis

273 3779 465 3844 homiuibus
489 3778 678 3851 antecellat,
703 3797 803 3861 quam
820 3779 936 3860 exigua
953 3797 1068 3843 rursus
1085 3779 1246 3860 dignitate

272 3886 462 3950 illitteratus
484 3886 593 3950 brutis
616 3885 841 3951 animantibus
864 3889 1022 3969 praestet.
1053 3887 1140 3949 Sunt
1155 3885 1245 3950 enirn

189 3995 229 4059 10
273 3993 418 4058 hominis
443 3992 595 4076 propriae
619 3993 712 4057 dotes
736 3993 821 4057 ratio
845 4012 884 4056 ac
907 3993 1032 4072 oratic,
1061 4012 1144 4075 quas
1172 3992 1246 4057 sine

274 4100 394 4165 litteris
426 4101 575 4164 excolere
607 4120 705 4165 nemo
735 4103 824 4164 recte
853 4102 973 4181 potest.
1027 4100 1103 4163 Non
1135 4099 1246 4164 minus

274 4226 353 4272 vere
384 4226 484 4291 quam
517 4208 684 4290 eleganter
717 4206 849 4291 scripsit
884 4207 925 4273 M.
956 4207 1087 4272 Tullius
1099 4205 1141 4291 1);
1182 4206 1245 4287 „Ut
