2632 4718
547 572 768 640 ..57-

216 753 338 821 eximia
361 756 397 820 et
419 752 585 831 salutaris,
615 770 714 836 quam
743 749 825 816 mihi
853 750 912 815 uni
935 749 1080 815 sciturus
1103 767 1186 813 sum.

216 862 252 928 Si
276 880 353 927 cum
379 861 443 926 hac
473 858 665 944 exceptione
696 858 794 923 detur
821 857 1002 939 sapientia,
1032 859 1069 921 ut
1097 855 1188 920 illam

121 970 169 1035 40
215 968 379 1033 inclusam
401 971 536 1033 teneam
559 985 620 1031 nec
644 965 823 1046 enuntiem,
852 963 1007 1029 reiiciam.
1055 962 1186 1027 Nullius

215 1075 295 1141 boni
330 1073 403 1139 sine
439 1073 529 1139 socio
562 1072 707 1138 iucunda
741 1075 792 1137 est
824 1073 1023 1155 possessio.“
1084 1071 1187 1136 Divus

214 1179 450 1266 Ambrosius⁸)
482 1181 517 1246 in
549 1181 695 1247 secundo
732 1179 891 1245 librorum
920 1177 1111 1244 officialium
1141 1178 1188 1243 sic

215 1287 282 1354 ait:
323 1287 430 1369 „Quid
462 1287 552 1352 enim
578 1287 729 1372 prodest,
762 1287 886 1352 habere
915 1285 1123 1368 sapientiam,
1159 1287 1187 1350 si

218 1395 396 1461 consilium
419 1414 529 1477 neges,
553 1395 580 1458 si
605 1394 802 1458 consulendi
827 1392 1029 1458 intercludas
1046 1393 1185 1474 copiam.

122 1504 167 1569 45
219 1502 377 1568 Clausisti
394 1503 532 1582 iontem,
548 1504 585 1566 ut
600 1520 661 1566 nec
678 1500 750 1565 aliis
766 1500 883 1566 influat
899 1519 959 1565 nec
976 1500 1037 1564 tihi
1048 1499 1184 1583 prosit.“

608 1732 707 1797 XXII.

336 1873 397 1943 De
421 1871 644 1943 studiorum
667 1871 805 1943 ordine
829 1875 869 1942 et
891 1871 979 1941 fine.

149 2040 163 2103 l
217 2037 380 2119 Superest
404 2052 504 2113 nunc,
527 2036 565 2099 ut
588 2035 628 2100 de
652 2033 756 2099 studii
779 2034 907 2112 ordine,
930 2035 1029 2100 modo
1052 2054 1090 2099 ac
1112 2054 1188 2117 per-

217 2141 408 2208 severantia
437 2160 499 2226 pro
535 2141 692 2225 ingenioli
727 2141 835 2206 nostri
869 2141 1033 2206 tenuitate
1071 2143 1187 2224 paucis

217 2268 364 2333 agamus.
400 2249 555 2315 Studium
573 2249 695 2333 duplex
711 2252 776 2314 est:
798 2269 926 2315 morum
942 2252 975 2313 et
991 2248 1185 2314 litterarum.

216 2357 345 2423 Morum
362 2356 511 2422 studium
531 2355 700 2420 hominem
721 2356 903 2421 virtutibus
924 2356 1103 2439 componit,
1126 2358 1188 2422 deo

145 2466 167 2530 5
216 2467 250 2529 et
284 2463 476 2529 hominibus
510 2481 624 2527 carum
659 2463 737 2527 lacit
771 2465 805 2528 et
839 2463 974 2527 tandem
1010 2463 1052 2528 ad
1087 2464 1187 2528 vitam

216 2572 347 2636 beatam
367 2569 532 2653 perducit,
555 2569 609 2634 cui
631 2569 785 2653 quisquis
808 2575 953 2635 mentem
977 2571 1087 2640 habet.
1113 2571 1189 2636 dili·

216 2677 409 2761 gentissime
437 2696 553 2742 vacare
577 2677 693 2756 debet;
722 2697 799 2742 nam
823 2676 895 2741 sine
918 2697 957 2742 eo
980 2678 1188 2760 quantalibet

217 2785 401 2850 litterarum
441 2787 474 2848 et
512 2783 743 2867 philosophiae
782 2785 926 2867 cognitio
967 2784 1187 2867 nequicquam

215 2892 363 2975 prodest.
413 2890 524 2971 „Nihil
554 2893 605 2955 est
636 2889 853 2972 perniciosius
876 2891 1008 2956 homine
1033 2893 1130 2957 docto
1155 2895 1187 2956 et

130 3001 173 3066 10
219 2998 340 3078 malo“‚
376 3000 412 3064 ut
437 2997 635 3063 Laurentius
659 2998 752 3062 Valla
774 2998 942 3081 praeclare
967 2998 1020 3064 ait.
1069 3000 1188 3064 Patent

217 3109 331 3171 autem
347 3124 477 3169 morum
493 3108 672 3188 praecepta
696 3104 854 3170 latissime
886 3106 947 3170 sed
969 3107 1048 3188 quia
1071 3126 1186 3170 eorum

216 3213 366 3295 quotidie
410 3212 518 3276 bonus
563 3216 761 3295 praeceptor
808 3211 986 3292 discipulos
1033 3214 1189 3278 admonet

215 3318 440 3402 facillimeque
471 3339 511 3385 ex
544 3317 712 3398 distichis,
748 3338 833 3401 quae
865 3319 1037 3406 Catonis¹)
1072 3320 1189 3385 inscri-

215 3427 352 3506 buntnr,
374 3445 415 3489 ex
430 3426 578 3491 Senecae
599 3427 758 3510 opusculo
777 3427 817 3490 de
834 3429 993 3508 quattuor
1010 3429 1188 3493 virtutibus

128 3536 168 3599 15
218 3531 490 3618 cardinalibus,2>
520 3553 560 3597 ex
590 3534 725 3598 aureolo
758 3533 948 3619 Isocratisss)
986 3535 1113 3614 libello,
1150 3558 1189 3602 ex

216 3639 442 3705 adolescentia
463 3641 543 3704 item
567 3640 681 3705 Jacobi
697 3641 970 3727 Wimphelingi4)
992 3644 1187 3725 depromere

219 3747 277 3812 illa
292 3749 412 3830 potest,
429 3748 471 3812 ad
488 3747 686 3812 litterarium
710 3749 856 3813 studium
881 3750 1038 3814 transibo.
1071 3750 1187 3816 Gram-

216 3854 355 3919 maticae
378 3853 442 3919 arti
464 3854 628 3935 imprimis
652 3873 753 3938 opera
777 3856 887 3920 danda
910 3859 971 3933 est,
1002 3876 1088 3939 quae
1113 3859 1187 3924 sons

216 3963 267 4024 est
290 3963 323 4024 et
346 3961 437 4043 origo
461 3960 581 4025 artium
605 3961 802 4027 liberalium.
842 3963 896 4027 Ad
912 3964 982 4027 eius
998 3965 1187 4030 rudimenta

127 4069 171 4132 20
215 4067 432 4150 percipienda
464 4086 548 4150 puer
583 4069 641 4133 uni
676 4070 815 4150 probato
850 4071 959 4136 autori
999 4075 1186 4136 assuescat:

217 4174 370 4258 Perotto,
408 4173 568 4259 Sulpitio,
608 4175 753 4241 Guarino
792 4176 989 4259 Veronensi,
1030 4178 1185 4261 Pyladae,
