2632 4718
544 560 765 626 ,ῃ-

191 740 267 806 Non
289 741 389 806 homo
411 738 451 804 fit
473 737 562 817 felix,
585 738 707 804 multas
731 737 821 822 quod
845 737 964 804 calleat
986 739 1085 816 artes,

127 869 182 952 lu)
237 866 305 932 Sed
328 866 414 930 bene
437 865 579 930 vivendo
603 865 745 947 quisque
769 865 888 929 beatus
911 862 982 928 erit.

190 990 379 1072 Discipulos
403 989 593 1074 quicunque
617 1009 696 1054 suus
720 991 810 1054 amat
834 991 866 1052 et
889 989 974 1053 bene
998 992 1103 1066 curat,

236 1116 384 1198 Ingenua
408 1134 516 1179 mores
540 1115 656 1179 inserit
680 1115 752 1179 arte
776 1114 858 1197 pion.

631 1453 681 1515 Vl.

548 1628 609 1698 De
632 1628 772 1698 avaris.

260 1809 360 1874 Nulla
383 1809 433 1873 vis
456 1809 529 1873 auri
553 1807 634 1872 satis
658 1810 708 1872 est
732 1809 851 1885 avariS,

262 1934 365 2000 Plura
387 1936 448 1999 sed
471 1935 596 2016 quanto
619 1933 684 1997 sibi
708 1937 955 2016 compararunt,

261 2059 437 2142 Appetunt
460 2062 553 2125 tanto
577 2059 764 2141 sitiuntque
787 2058 885 2140 plura

127 2187 164 2269 l)
316 2184 398 2249 Fine
421 2185 545 2250 relicto.

265 2310 414 2375 Gratiam
437 2330 504 2376 non
528 2312 599 2375 vult
623 2310 751 2373 meritis
775 2311 910 2387 referre,

265 2434 329 2512 Qui
353 2434 452 2500 nimis
476 2455 629 2500 nummos
653 2436 742 2498 arnat
766 2437 800 2497 et
823 2435 952 2517 pudore

263 2559 400 2638 Quaerit
423 2561 554 2625 abiecto
578 2579 686 2641 neque
710 2563 805 2624 curat
829 2559 906 2624 elmi

318 2685 447 2751 Gaudia
470 2685 587 2750 cordiS.

262 2810 392 2893 Corpus
416 2813 450 2874 et
475 2813 619 2874 mentem
643 2811 804 2873 scelerata
828 2809 943 2877 mollit.

262 2935 405 3018 Frangit,
429 2937 565 3000 enervat
588 2935 725 3017 penitus
750 2933 870 3017 cupido

263 3060 333 3125 Nec
357 3059 437 3124 sinit
461 3060 593 3142 pulchri
616 3061 705 3124 bona
729 3060 872 3141 cogitare

318 3185 446 3267 Inclyta
470 3184 589 3249 cordis

267 3312 329 3375 Cui
353 3311 436 3376 nihil
459 3313 593 3395 praeter
618 3313 710 3375 lucra
733 3311 827 3374 dulce
852 3329 961 3385 avaro,

264 3437 403 3520 Semper
427 3436 455 3501 is
480 3456 633 3502 nummos
657 3437 767 3501 animo
792 3435 941 3514 revolvit,

263 3560 371 3638 Quam
395 3561 492 3626 iubar
516 3561 643 3627 Phoebi
667 3561 768 3640 videt,
794 3562 943 3625 intuetur

135 3690 190 3772 16)
320 3686 455 3751 Gratius
479 3707 606 3751 aurum.
