2632 4718
502 682 715 748 ..85-

134 861 245 926 Dulce
268 861 366 925 bibes
389 862 516 939 nectar,
540 879 700 944 superum
725 859 863 925 conviva
888 861 1035 940 deorum,

183 968 400 1033 Ambrosiam
424 968 589 1046 comedes
613 965 764 1032 camnine
786 967 875 1031 laeta
898 985 1034 1032 canens.

66 1079 108 1140 15
137 1074 235 1138 Inter
258 1076 441 1139 concentus
465 1075 603 1138 aeterna
625 1092 708 1156 pace
732 1074 865 1152 frueris,

184 1179 326 1263 Semper
349 1179 570 1244 abundabunt
593 1184 628 1244 et
649 1180 739 1245 bona
763 1182 885 1245 cuncta
907 1181 978 1245 tibi.

137 1286 201 1350 Sin
224 1288 336 1351 autem
360 1285 495 1351 mollem
518 1286 610 1351 nullo
634 1285 817 1352 certamme
842 1284 941 1351 vitam

185 1393 316 1459 Ducere
339 1391 507 1474 mutueris
530 1394 599 1459 otio
622 1393 715 1459 lenta
738 1412 895 1476 sequens,

140 1500 181 1564 In
207 1500 280 1564 loca
302 1497 456 1565 Tartarei
480 1499 659 1564 tenebrosa
682 1498 828 1565 traheris
851 1497 1024 1584 Ave-1112),

68 1609 115 1671 '20
187 1604 264 1683 Qua
285 1604 419 1670 fremitu
443 1625 543 1671 saevo
566 1605 704 1671 flumine
727 1605 823 1687 nigra
846 1610 978 1685 sonant,

141 1713 218 1791 Qua
240 1711 306 1777 tria
327 1710 490 1776 terribilis
513 1711 684 1794 dispendit
707 1711 873 1777 Cerberus
897 1732 955 1778 ora

187 1818 230 1883 Et
252 1817 331 1900 vigil
355 1820 484 1884 aeratas
507 1817 652 1884 excubet
674 1820 754 1884 ante
777 1819 875 1883 fores.

141 1924 217 1991 illic
240 1927 291 1991 est
313 1924 445 2005 stridor,
468 1926 604 1990 suntet
628 1925 701 1989 sine
723 1922 790 1990 fine
814 1925 957 2006 dolores,

188 2032 232 2097 Et
255 2051 333 2116 spes
355 2035 517 2098 venturae
540 2031 633 2097 nulla
656 2030 773 2096 salutis
796 2032 901 2096 adest.

69 2146 114 2207 25
141 2139 216 2205 lllie
239 2140 326 2205 inter
348 2157 452 2223 aquas
476 2137 645 2204 sitibundo
669 2136 831 2203 Tantalus
841 2137 870 2221 ⁸)
892 2156 950 2202 ore

188 2246 233 2310 Se
257 2246 415 2310 miserum
439 2244 583 2326 linguam
609 2263 676 2308 non
702 2245 892 2309 moderasse
916 2245 1018 2308 dolet.

144 2351 301 2418 Perfidus
325 2348 463 2437 Ixion4),
487 2350 574 2416 Iovis
599 2350 768 2433 appellare
793 2370 940 2416 sororem

194 2459 318 2537 Ausus,
342 2459 385 2524 ad
407 2457 577 2524 assiduam
600 2457 743 2522 vertitur
766 2477 873 2541 usque
898 2461 1015 2535 rotam,

145 2565 365 2649 Diffususque
389 2584 508 2630 norem
532 2562 685 2647 Tityosr)
708 2584 769 2648 per
792 2564 907 2646 iugera
930 2567 1039 2628 terrae

73 2679 120 2740 30
194 2674 361 2756 Perpetuo
384 2670 493 2754 pascit
515 2669 645 2736 viscere
669 2671 863 2735 vulturium.

143 2781 205 2845 Est
229 2777 425 2861 Phlegyasi)
449 2776 515 2843 illie
540 2779 714 2843 detestans
739 2798 818 2842 voce
842 2777 1008 2855 tenebras,

189 2887 335 2950 Exustor
356 2884 482 2968 templi,
507 2884 611 2962 fortis,
636 2884 767 2966 Apollo,
792 2884 851 2947 tui.

145 2994 232 3058 Sunt
257 2991 362 3056 Danai
386 2988 528 3077 natae),
552 2991 662 3074 prima
686 3011 772 3074 quae
796 2992 894 3055 nocte
917 2990 1044 3055 maritis

190 3099 316 3164 inferre
340 3103 486 3164 atrocem
509 3117 576 3162 non
600 3097 741 3163 timuere
764 3118 891 3163 necem.

75 3210 120 3273 35
147 3207 236 3271 Sunt
260 3207 294 3269 et
315 3203 472 3269 avaritiae
495 3203 582 3269 serui
606 3205 799 3287 ventrisque
823 3203 966 3268 ministri

192 3311 236 3376 Et
258 3310 410 3394 quisquis
433 3311 584 3376 fraudem
609 3310 769 3394 praetulit
791 3309 911 3374 officio,

147 3418 183 3483 Si
206 3419 249 3497 te,
272 3417 383 3497 frater,
408 3438 510 3498 amas
533 3417 625 3482 illinc
649 3418 799 3481 avertere
823 3436 972 3498 gressum

194 3524 364 3590 Accelerat
389 3524 534 3590 Tardum
559 3544 611 3588 res
636 3526 734 3606 negat
758 3523 815 3588 illa
839 3542 976 3588 moram.
