2632 4718
606 701 821 764 ,42-

295 878 401 943 Cordo
425 878 522 950 vices,
548 877 673 942 loculos
697 875 893 958 exspoliavit
917 877 1024 958 inops.

251 984 325 1046 Nou
349 987 461 1047 tamon
485 983 625 1059 absistit,
648 987 758 1047 vestes
781 1003 916 1065 quoque
939 982 1044 1064 ponit,
1070 986 1106 1046 ut
1129 1002 1228 1045 omne

296 1092 433 1155 Praeter
456 1110 543 1155 onus
567 1091 657 1154 nudo
680 1108 818 1172 corpore
842 1089 927 1153 liber
951 1094 1014 1153 eat.

253 1198 298 1261 Ut
321 1197 474 1280 prodegit
498 1215 589 1278 opes,
614 1196 794 1260 meditatur
818 1195 916 1271 furta,
941 1195 1087 1277 rapinas,

183 1305 226 1367 20
293 1303 376 1366 Aleo
401 1322 468 1368 uon
492 1303 651 1377 homines
676 1322 743 1366 non
767 1303 857 1367 Jovis
881 1320 973 1367 arma
996 1303 1101 1366 timet.

252 1408 382 1474 Fabula
405 1427 465 1490 per
488 1411 593 1474 totam
617 1409 737 1472 misere
762 1407 947 1472 traducitur
971 1409 1098 1481 urbem

294 1516 431 1597 lamque
456 1515 569 1597 nigros
594 1534 709 1580 corvos
733 1513 854 1578 flebilis
878 1533 955 1579 esca
977 1516 1100 1578 manet.

250 1621 315 1698 Qui
340 1622 466 1704 sapitis
492 1625 607 1702 turpes
632 1640 803 1703 nunquam
827 1620 1024 1685 committite
1049 1622 1152 1696 lusus

295 1727 380 1796 Otia.
406 1728 434 1791 si
459 1727 592 1810 cupitis
616 1747 755 1810 campus
779 1728 919 1791 honesta
944 1726 1047 1791 dabit.

669 2065 764 2129 XXII.

356 2205 404 2273 In
427 2205 624 2294 egregium
647 2204 805 2275 Solonis
829 2205 1082 2274 sententiam.

208 2368 220 2430 1
248 2365 390 2431 Threcia
413 2365 527 2448 geusl)
552 2367 649 2448 louge
673 2367 754 2429 milri
780 2367 921 2430 delirare
945 2365 1087 2440 ridetur,

293 2472 397 2537 Cuius
422 2473 534 2537 felices
559 2473 683 2555 colligit
708 2493 793 2536 urna
816 2473 897 2536 dics.

249 2579 337 2656 Quid
360 2580 505 2661 prodest,
531 2579 643 2643 niveos
668 2579 749 2643 atris
774 2578 911 2643 miscere
937 2578 1092 2660 lapillos?

295 2686 385 2750 Rara
409 2686 480 2749 dies
504 2685 591 2761 felix,
616 2685 803 2768 perniciosa
827 2686 997 2768 frequens.

206 2796 224 2855 5
249 2791 301 2856 Ad
326 2810 467 2872 superos
492 2791 571 2854 clari
594 2812 656 2855 rox
680 2794 730 2855 est
754 2792 901 2855 tollenda
925 2792 1073 2855 Solonis:

298 2897 406 2976 „Ante
430 2899 518 2961 diem
541 2899 659 2960 mortis
684 2918 782 2962 nemo
805 2899 925 2961 boatus
949 2898 1042 2962 cr·it“.

250 3005 394 3068 Croesus
419 3007 492 3067 crat
517 3003 606 3068 lulvo
630 3024 744 3086 regum
769 3003 948 3067 ditissimus
973 3024 1054 3067 auro

295 3111 407 3193 Atque
431 3112 519 3174 iuter
544 3109 663 3174 nimias
688 3110 883 3174 ambitiosus
907 3131 999 3192 opes.

250 3217 313 3280 Hic
338 3217 378 3280 nd
404 3238 440 3280 sc
465 3216 563 3280 iussit
587 3217 767 3299 aliquando
791 3217 915 3281 Soloua
939 3217 1059 3293 vocari,

186 3325 225 3386 10
294 3322 406 3387 Attica
431 3343 497 3405 quo
523 3323 623 3387 tellus
647 3324 823 3387 nobilitata
847 3322 918 3386 fuit.

253 3430 298 3493 Ut
322 3429 456 3511 sapiens
480 3430 588 3510 Lydas
613 3428 790 3493 Salaminis
813 3429 952 3508 victor‘2)
977 3430 1012 3493 in
1036 3431 1135 3493 aedes

293 3537 393 3600 Venit
417 3537 451 3599 et
476 3536 623 3618 egregias
648 3535 798 3599 constitit
823 3536 909 3598 inter
933 3556 1023 3617 opes,

250 3641 337 3706 Huic
362 3662 418 3705 rcx
443 3641 573 3723 argenti
598 3644 728 3705 montes
753 3641 949 3706 monstrarit
973 3646 1005 3706 ct
1029 3642 1101 3707 auri

293 3748 336 3810 Et
360 3748 580 3812 circumduxit
602 3769 663 3831 pcr
688 3749 759 3812 loca
781 3748 882 3829 plena
906 3749 1023 3812 virum.

186 3857 224 3916 15
250 3853 445 3919 Exstructae
470 3854 580 3919 solido
602 3856 736 3919 stabant
760 3855 935 3919 adamante
960 3856 1144 3930 columnae,

294 3961 482 4025 Servabaut
507 3961 607 4025 durus
632 3963 739 4026 ferrea
763 3962 907 4025 claustra
932 3961 1030 4024 sores.

251 4066 314 4130 Hic
338 4068 502 4132 candebat
526 4066 618 4140 ebur,
643 4066 795 4130 radiabat
820 4088 989 4148 gemmeus
1015 4067 1081 4130 illic

295 4173 461 4254 Splendor
485 4176 581 4237 etex
605 4175 705 4237 rubro
730 4174 855 4237 conella
879 4173 986 4254 potita
1011 4174 1105 4236 mari.

250 4277 390 4361 Singula
413 4278 499 4344 facte
522 4278 614 4344 fabre
638 4279 860 4363 graphiceque
885 4280 989 4361 polita
1013 4279 1160 4356 fuorunt,
