2632 4718
546 744 743 810 -9..

135 921 179 983 30
220 919 351 1002 ipsique
375 923 495 985 summi
518 919 694 1002 pontifices
722 924 755 984 el
784 921 944 1002 denique,
974 922 1176 1002 quicumque

221 1027 271 1090 rel
295 1027 384 1091 solas
408 1027 592 1091 litterarum
625 1030 721 1090 notas
751 1031 876 1104 tenent,
905 1027 967 1090 sub
999 1026 1176 1108 disciplina

219 1133 297 1196 olim
322 1136 433 1198 vestra
462 1133 554 1197 suere
578 1133 724 1216 parvuli,
753 1153 772 1196 a
800 1133 895 1196 vobis
919 1132 1063 1197 instituti
1088 1135 1174 1196 sunl.

218 1237 328 1302 Virtus
351 1240 461 1302 restra
492 1238 649 1303 vitiumve
673 1258 786 1304 eorum
823 1239 947 1322 profuit
975 1243 1032 1302 aut
1061 1237 1176 1303 nocuit

218 1345 375 1409 moribus.
423 1345 568 1409 Tantum
593 1346 682 1410 valet
707 1345 804 1424 longa
828 1345 1051 1423 consuetudo,
1077 1348 1124 1418 ut,
1148 1343 1176 1407 si

132 1452 175 1515 35
218 1470 292 1514 cum
310 1454 425 1514 sancto
443 1451 499 1514 din
520 1451 651 1528 vixeris,
675 1453 810 1514 sanctus
827 1450 957 1514 iuturus
974 1450 1030 1521 sis,
1055 1451 1082 1513 si
1100 1471 1174 1514 cum

154 1602 155 1607 η
217 1574 385 1636 perverso,
409 1555 667 1639 perver·laris³);
701 1555 868 1638 siquidem
899 1561 950 1637 (ut
979 1556 1088 1639 inquit
1113 1557 1175 1620 Fa-

159 1712 161 1716 .
217 1661 350 1746 hius⁶))
371 1661 548 1737 Leonides,
574 1662 756 1726 Alexandri
784 1663 1012 1744 paedagogus,
1038 1662 1175 1743 quibus-

164 1811 165 1816 κ
218 1768 296 1831 dam
319 1787 394 1831 eum
418 1767 507 1832 vitiis
530 1768 660 1844 imbuit,
686 1787 770 1849 quac
789 1769 961 1832 robustum
987 1788 1119 1850 quoque
1143 1772 1176 1832 et

217 1873 396 1938 maximum
422 1894 531 1957 regem
562 1875 604 1939 ab
628 1875 686 1939 illa
710 1874 921 1938 institutione
954 1873 1073 1955 puerili
1098 1877 1175 1937 sunt

128 1982 175 2046 40
216 1985 403 2061 prosecula.
456 1981 681 2058 Quamobrem
707 1983 869 2063 quantum
897 1981 976 2046 boni
1007 1985 1039 2045 et
1067 1981 1174 2045 sancti

182 2107 184 2110 ·
215 2090 449 2171 praeceptores
466 2087 655 2152 civitatibus
673 2087 810 2170 prosint,
829 2108 895 2151 non
912 2087 1007 2152 facile
1024 2088 1174 2163 dixerim,

216 2196 380 2275 quantum
404 2193 482 2260 ilem
507 2195 620 2261 obsint
642 2195 775 2280 p1·ari*)
799 2199 832 2258 et
858 2193 979 2271 vitiosi,
1004 2213 1070 2258 nou
1088 2213 1174 2274 queo

125 2331 128 2335 v
217 2299 338 2364 dicere.
393 2301 504 2377 Quare
529 2321 597 2366 non
620 2321 759 2384 possum
795 2321 861 2366 non
886 2301 1027 2364 mullum
1052 2299 1173 2377 mirari,

215 2407 341 2470 nullam
372 2408 440 2471 fere
464 2426 647 2489 puerorum
675 2407 828 2489 patribus
851 2411 884 2471 et
909 2406 1095 2470 rectoribus
1119 2426 1174 2469 ur·-

128 2514 172 2577 45
214 2512 307 2577 bium
331 2513 365 2576 in
384 2513 545 2594 eligendis
569 2519 824 2597 praeceptorum
847 2512 995 2576 moribus
1019 2533 1092 2577 esse
1116 2533 1173 2576 cu-

185 2637 294 2682 ram.
352 2618 428 2682 Non
463 2620 747 2698 animadvertunt,
768 2624 945 2702 quantum
979 2619 1057 2682 inde
1093 2619 1172 2683 boni

212 2723 331 2788 malive
355 2723 553 2790 infundatur
577 2727 611 2789 in
633 2727 794 2790 civitates
832 2727 917 2790 Nam
943 2726 1059 2807 quales
1083 2727 1172 2801 sunl,

212 2831 270 2910 qui
291 2831 493 2908 =instituunl,
521 2832 605 2896 tales
639 2835 672 2896 et
704 2833 761 2914 qui
790 2833 1028 2909 instituuntur,
1058 2832 1171 2905 velint,

213 2935 331 3014 nolint,
355 2938 497 3003 evadent
521 2939 617 3019 longa
639 2939 703 3003 die.

126 3044 170 3107 50
243 3042 393 3124 '„L0nga
415 3043 487 3107 dies
513 3043 638 3108 homini
663 3046 776 3110 docuit
800 3065 917 3128 parcre
943 3047 1067 3120 leoneS,

154 3151 158 3159 '
301 3149 414 3231 Longa
438 3149 509 3214 dies
533 3151 623 3215 molli
649 3167 726 3216 saxa
752 3152 887 3235 peredit
911 3149 1068 3235 aqua.“⁷)

210 3254 326 3320 Videte
350 3255 460 3336 igitur,
485 3276 554 3336 voe,
578 3259 635 3339 qui
654 3263 686 3322 et
704 3259 801 3339 longo
817 3261 967 3340 tempore
988 3262 1020 3321 el
1037 3257 1170 3322 assidue

210 3362 343 3427 teneros
367 3366 400 3426 et
422 3361 591 3445 simplices
614 3364 941 3428 adolescentulorum
966 3363 1095 3427 animos
1120 3364 1171 3426 in-

211 3467 358 3546 stituitis,
383 3463 546 3550 quantum
574 3472 607 3534 et
631 3471 790 3551 prodesse
820 3470 960 3552 potestis
989 3472 1022 3533 et
1052 3469 1170 3533 obesse

126 3577 167 3640 55
211 3573 414 3638 hominibus!
451 3575 548 3652 Quod
572 3575 601 3639 si
615 3577 797 3657 quisquam
821 3578 872 3638 esl
896 3575 944 3640 sic
968 3576 1093 3639 oblitus
1117 3577 1169 3640 sui

209 3678 329 3761 ipsius,
361 3683 398 3744 ut
421 3701 524 3763 agnos
548 3694 635 3746 suae
658 3682 852 3747 commissos
882 3681 960 3746 fidei
984 3702 1044 3746 ceu
1068 3682 1169 3763 lupus

139 3803 155 3842 .·
211 3786 356 3864 devoret,
381 3788 457 3864 heu,
486 3791 611 3869 quanta
627 3787 721 3852 illum
746 3807 856 3870 poena
880 3789 969 3870 apud
986 3808 1101 3853 manes
1117 3790 1169 3853 vel

209 3891 302 3955 brevi
327 3895 516 3974 exspectat!
556 3894 642 3958 Nam
666 3893 722 3978 qui
748 3894 794 3957 ila
811 3893 988 3977 perniciosi
1012 3897 1107 3972 sunt,
1132 3897 1170 3958 nt

210 4017 277 4062 non
301 3999 408 4062 solum
436 4000 564 4078 obsint,
589 4003 678 4081 quod
708 4000 774 4083 ipsi
805 4002 1079 4083 corrumpuntur,
1109 4002 1169 4065 sed

124 4107 167 4169 60
209 4103 309 4167 etiam
333 4107 423 4186 quod
448 4110 681 4189 corrumpunt,
706 4109 848 4190 plusque
872 4107 1039 4189 exemplo,
1068 4127 1168 4189 quam

189 4351 213 4421 ⁸)
233 4353 269 4408 B:
288 4354 374 4422 proni.
