2864 4360
673 344 915 406 -106-

329 519 453 586 Pocula
476 539 537 604 pro
561 520 666 602 libris,
690 539 751 602 pro
774 519 912 604 psalmis
936 521 1083 586 earmina
1107 523 1271 604 tractant,

263 629 306 694 30
374 627 468 706 Quae
491 627 591 692 miser
614 627 649 692 in
673 627 770 710 longa
794 629 891 692 nocte
913 628 1062 710 profudit
1085 647 1215 708 amans,

328 734 437 814 Quem
461 734 551 799 ferus
574 735 744 799 exclusum
768 734 874 799 vetuit
898 733 1043 799 dormire
1066 733 1211 817 Cupido,

373 841 482 906 Iralae
504 841 625 906 Veneri
650 841 709 924 qui
733 860 795 906 sua
818 839 905 905 dona
928 841 1032 922 parat.

329 947 434 1012 Fulvo
457 947 591 1011 metalla
615 947 729 1012 colunt
752 945 936 1028 mundique
960 947 1092 1028 negotia
1115 952 1245 1026 orrrant,

379 1052 575 1136 Despiciunt
599 1054 715 1118 doctos
738 1055 771 1118 et
794 1053 876 1117 rude
900 1053 1017 1134 vulgus
1041 1056 1163 1118 amant.

263 1160 305 1225 35
331 1157 392 1224 His
415 1161 448 1223 te
472 1158 675 1238 dissimilem,
700 1158 824 1224 domini
848 1179 1007 1241 generose
1030 1160 1195 1236 sacerdos

372 1265 551 1330 versiculis
575 1265 690 1329 merito
714 1284 811 1342 nune,
836 1265 965 1342 Iacobo,
989 1265 1071 1342 colo,

328 1371 392 1449 Qui
418 1372 512 1453 puris
535 1371 701 1454 precibus,
726 1371 825 1436 turba
848 1371 1007 1436 seductus
1031 1371 1073 1436 ab
1098 1373 1202 1450 omni,

373 1479 415 1543 Et
439 1478 540 1542 sacris
563 1477 682 1542 studiis
706 1471 809 1542 nocte'
826 1478 946 1560 dieque
963 1497 1078 1558 vaeas3

327 1585 401 1663 Quo
425 1585 618 1650 modulante
640 1583 713 1668 pios
737 1603 896 1666 superum
920 1604 977 1648 rex
1000 1583 1121 1667 accipit
1144 1585 1300 1666 hymnos,

259 1693 303 1756 40
371 1690 504 1774 Colligit
528 1693 561 1755 el
587 1692 688 1755 llores
711 1692 803 1771 virgo
829 1689 949 1772 deique
971 1709 1104 1774 parens.

329 1798 420 1876 l’ire,
444 1801 553 1880 paler,
577 1797 711 1879 longum
735 1797 838 1862 nostri
867 1817 994 1862 memor
1017 1799 1051 1862 et
1074 1796 1153 1862 mihi
1169 1799 1330 1866 Christus

375 1903 419 1968 Ut
443 1902 575 1967 reniam
599 1903 735 1980 tribuat,
759 1922 905 1986 suggere,
930 1923 1067 1986 quaese,
1090 1906 1225 1986 preces!

765 2221 818 2284 VI.

638 2362 698 2431 De
720 2360 945 2450 prudentia.

259 2485 323 2554 Ad
344 2485 539 2556 illustrem
569 2490 610 2557 et
629 2500 865 2576 generosum
887 2485 1016 2555 virum
1031 2485 1328 2558 Theodericum

259 2592 460 2677 Sohadeu,
483 2593 721 2666 canonicum
737 2592 927 2664 ecclesiae
939 2591 1268 2664 Monesteriensis
1286 2601 1328 2666 et

313 2699 393 2768 divi
415 2698 593 2770 Mauritii
615 2699 898 2789 praepositum,
924 2699 1130 2770 dominum
1152 2718 1273 2772 suum

564 2805 758 2896 imprimis
783 2805 1005 2877 colendum.

284 2971 298 3032 l
326 2967 432 3048 Iapeti
458 2969 554 3033 natos
578 2968 706 3050 generis
729 2967 910 3051 primordia
935 2969 1039 3033 nostri

370 3073 531 3138 Dissimili
555 3075 732 3156 perhibent
756 3074 942 3140 instituisse
965 3095 1077 3141 manu.

326 3177 535 3244 Deformasse
559 3184 681 3262 putant
705 3182 827 3246 multos
851 3182 1049 3265 Epimethea
1072 3186 1164 3248 rates
1255 3201 1262 3214 ·

368 3283 491 3348 Brutos
515 3289 550 3351 et
575 3286 652 3350 limo
677 3286 843 3353 deteriore
868 3309 995 3369 graves

282 3395 300 3455 5
326 3390 467 3456 Sordida
491 3393 645 3457 eoelestis
670 3413 812 3475 quorum
836 3413 897 3476 per
921 3396 1070 3461 membra
1094 3395 1215 3478 rigoris

370 3495 501 3580 ignaris
525 3498 677 3563 manibus
702 3499 835 3564 miscuit
858 3499 914 3564 ille
940 3521 1068 3584 parum.

326 3603 535 3668 intenebris
560 3606 678 3668 horum
702 3609 879 3670 versantur
902 3609 1047 3688 pectora,
1072 3608 1186 3671 vivunt

371 3711 416 3774 Ut
439 3711 585 3791 pecudes
609 3711 730 3775 misere
754 3712 960 3794 consilioque
984 3715 1110 3775 carent.

324 3815 471 3894 Accepta
495 3835 586 3878 seras
611 3816 756 3878 fundunt
779 3816 845 3878 iam
870 3818 964 3878 elude
988 3819 1153 3900 querelas,

260 3921 301 3984 10
368 3919 529 3982 lust-ontis
552 3921 723 4000 nequeunt
748 3919 868 3982 damno
892 3938 1008 3982 cavere
1033 3921 1119 3985 mali.
