2632 4718
484 731 704 796 -67-

195 905 296 970 Urbis
319 905 533 991 Agrippinae,
558 907 678 973 clarior
702 911 735 974 et
757 910 906 994 reliquis,

150 1012 290 1095 Hocque
313 1032 437 1078 novum
461 1013 598 1078 iuvenes
623 1016 799 1098 spatiando
823 1017 964 1081 docente
983 1017 1127 1099 Lyceum

194 1119 384 1202 Discipulos
407 1120 531 1202 plures,
556 1139 657 1202 quam
681 1121 945 1204 Theophrastus,
969 1123 1081 1187 habet.

150 1223 239 1289 Huic
262 1227 472 1308 praeceptori
496 1227 638 1290 multum
665 1227 790 1291 debere
814 1229 966 1305 latemur,

57 1332 126 1394 130
195 1330 356 1407 Quamvis
381 1329 424 1395 sit
448 1331 584 1415 sophiae
607 1334 716 1416 portio
741 1353 843 1415 parra
867 1334 958 1397 mihi.

559 1651 625 1715 XV.

54 1788 122 1858 Ad
142 1789 361 1859 Henrioum
385 1787 609 1870 Gellarium,
641 1787 767 1858 civem
793 1808 911 1858 suum
939 1791 1126 1861 amioum·

241 1914 320 1984 que
344 1899 385 1964 et
406 1893 684 1983 philosophiae
708 1895 951 1984 magistrum.

54 2020 105 2089 In
127 2019 388 2107 praeconium
403 2018 696 2102 Ruremundae‚
721 2021 943 2090 communis
959 2021 1123 2109 patriae.

83 2184 95 2246 l
124 2181 265 2246 Vatibus
289 2182 343 2246 hio
367 2201 439 2246 mos
463 2184 524 2257 est,
549 2185 586 2245 ut
609 2180 717 2263 patria
741 2181 873 2245 moenia
897 2183 1009 2246 dicant

168 2287 212 2351 Et
235 2287 346 2351 natale
370 2287 474 2351 velint
498 2287 674 2352 nobilitare
699 2288 817 2352 solum.

124 2392 277 2469 Quorum
301 2413 353 2457 me
377 2413 517 2458 numero
542 2393 606 2457 etsi
630 2412 696 2456 non
721 2392 875 2474 dignetur
899 2393 1029 2475 Apollo.

171 2498 261 2563 Laus
284 2501 398 2563 tamen
423 2502 474 2562 est
498 2499 625 2580 patriae
650 2499 913 2563 concelebranda
937 2519 1041 2562 meae.

78 2609 97 2669 5
124 2605 193 2669 Sed
218 2604 294 2687 quis
317 2625 379 2688 pro
403 2604 531 2668 meritis
555 2605 718 2687 insignem
742 2605 912 2687 praedicet
937 2606 1063 2678 urbem,

168 2709 271 2774 Cuius
294 2730 384 2775 nuno
407 2713 476 2775 toto
501 2730 620 2775 nomen
647 2710 680 2773 in
705 2711 786 2774 orbe
810 2710 922 2775 volat?

121 2817 222 2881 Alma
244 2815 327 2881 fides
351 2820 482 2881 tautum
506 2818 608 2880 decus
631 2820 664 2880 et
688 2816 875 2881 constantia
899 2817 979 2880 belli

168 2923 217 2987 Ao
241 2924 389 3005 prudens
414 2923 519 2987 virtus
544 2922 789 3004 consiliumque
814 2922 915 2988 dedit.

122 3028 197 3105 Qua
220 3028 384 3110 liquidum
408 3029 534 3092 Mosam
558 3029 718 3110 replicato
742 3029 866 3092 vertice
892 3029 985 3092 Rura

56 3138 98 3198 10
166 3134 291 3212 1110111,
317 3136 367 3198 est
391 3134 536 3217 populus
561 3134 677 3199 Martis
701 3136 827 3199 honore
852 3137 980 3216 polens,

121 3239 236 3304 Martis
259 3241 386 3304 honore
410 3244 530 3321 potens
555 3239 731 3321 rutilisque
755 3241 925 3303 timendus
951 3240 982 3302 iu
1009 3241 1121 3315 annia,

166 3346 211 3410 At
234 3347 311 3428 pius
337 3348 372 3409 et
395 3365 537 3428 superos
561 3346 788 3428 iustitiamque
812 3347 940 3417 colens:

122 3453 287 3518 Innocuas
312 3472 485 3534 nunquam
509 3456 624 3535 gentes
648 3453 805 3516 invadere
830 3457 946 3517 suetus

166 3558 333 3642 Sanguine
357 3559 521 3623 iustorum
546 3560 600 3624 vel
625 3560 786 3624 scelerare
810 3579 939 3629 manus,

56 3669 95 3728 15
121 3666 242 3729 Verum
266 3686 327 3749 pro
350 3665 427 3730 forti
452 3666 648 3730 furibundos
674 3687 748 3748 rege
772 3669 930 3747 tyrannos

166 3771 286 3836 Ulcisoi
312 3775 346 3835 et
370 3772 506 3854 dignum
531 3792 664 3835 sumere
688 3772 897 3853 supplicium

121 3877 160 3952 0,
184 3880 342 3960 quotiens
366 3879 479 3942 hostes
504 3878 619 3941 reiecit
642 3879 684 3942 ab
708 3879 790 3942 urbe
816 3880 952 3955 seroces,

165 3984 289 4048 Immiti
315 3984 471 4065 quotiens
496 3986 656 4065 sanguine
680 3983 777 4047 tinxit
801 3984 956 4047 humum!

120 4089 209 4165 Quot
232 4091 341 4154 turbis
365 4094 508 4171 quantas
532 4093 640 4153 turres
666 4089 815 4170 implerit
840 4093 871 4152 el
897 4110 1000 4161 arcae,

53 4199 96 4259 20
165 4197 217 4260 Ad
241 4197 329 4278 vulgi
354 4197 507 4277 plausum
532 4198 784 4277 corrorepitanto
808 4197 904 4260 tubat

122 4303 227 4367 Parra
253 4322 353 4383 saepo
378 4323 478 4366 manu
504 4304 680 4365 irmumero
704 4322 778 4366 cum
804 4302 907 4365 milite
932 4306 1040 4366 castra
1193 4386 1240 4450 Δ

907 4411 925 4472 5
937 4409 952 4441 R
