2632 4718
624 601 845 669 ‚53-

297 778 458 863 Vespino,
499 779 696 845 Mancinello
739 778 837 844 aliive
880 779 969 844 claro
1007 775 1267 864 grammaticen)

296 885 511 969 interimque,
555 886 635 951 dum
674 886 847 951 nominum
886 885 1100 952 declinationi
1144 885 1267 965 studet,

296 992 513 1058 substantivis
544 991 692 1076 epitheta
721 1011 928 1076 praeponere
965 996 999 1058 et
1035 1012 1104 1058 una
1138 992 1267 1058 variare

209 1100 251 1165 25
298 1099 422 1179 discat,
456 1100 570 1183 qualia
599 1102 694 1165 sunt:
730 1098 891 1181 Liquidus
922 1099 1011 1175 fons,
1046 1099 1143 1164 albus
1173 1099 1267 1178 dens,

296 1207 436 1291 pulchra
457 1208 584 1284 Venus,
615 1207 702 1272 alma
726 1206 840 1284 CereS,
872 1207 954 1272 levis
983 1207 1112 1289 pluma,
1143 1206 1269 1271 ssavum

300 1314 376 1393 mel,
392 1314 488 1380 triste
501 1314 635 1387 bellum,
652 1315 777 1379 clarum
791 1313 903 1379 lumen
916 1316 950 1379 et
966 1314 1000 1378 id
1012 1333 1115 1396 genus
1128 1313 1267 1396 reliqua.

299 1420 363 1485 Ubi
380 1420 446 1486 iam
462 1421 504 1487 ad
520 1421 685 1500 syntaxim
701 1422 900 1505 pervenerit,
918 1421 1105 1505 complures
1117 1420 1269 1484 eiusdem

298 1529 555 1594 constructionis
579 1528 805 1594 oratiunculae
828 1528 992 1594 sententia
1008 1528 1200 1609 exemplore
1217 1528 1269 1591 in-

212 1634 255 1700 30
299 1633 409 1718 signes
441 1639 475 1701 et
502 1636 632 1701 nobiles
661 1655 702 1700 ex
724 1636 866 1713 Plauto,
897 1635 1067 1711 Terentio,
1098 1634 1268 1715 Cicerone,

299 1741 451 1824 Vergilio,
473 1741 601 1822 Ouidio,
622 1742 792 1821 Sallustio,
814 1741 921 1808 Plinio
936 1741 1065 1807 iuniore
1081 1746 1116 1808 et
1131 1740 1269 1824 reliquis

300 1849 477 1934 praeclaris
501 1849 720 1932 scriptoribus
744 1849 792 1915 illi
816 1851 893 1915 ante
915 1849 1027 1914 oculos
1051 1852 1218 1932 ponantur
1235 1851 1269 1913 et

299 1957 417 2023 crebra
449 1956 647 2041 repetitione
678 1956 857 2022 memoriae
888 1955 984 2039 quasi
1021 1955 1267 2038 imprimantur.

300 2063 355 2128 Sic
378 2064 471 2129 brevi
495 2063 638 2129 multum
661 2063 823 2148 proficiet,
852 2062 881 2127 si
904 2062 1147 2145 compendiosis
1171 2080 1269 2144 prae-

214 2169 254 2235 35
301 2169 407 2252 ceptis
446 2170 621 2236 mediocris
662 2171 887 2254 exemplorum
928 2170 1024 2252 copia
1065 2172 1267 2252 suggeratur.

302 2277 430 2351 Postea,
455 2296 530 2342 cum
546 2278 587 2342 ad
604 2280 777 2359 poetarum
803 2276 1046 2342 enarrationem
1068 2276 1269 2340 audiendam

301 2383 402 2448 tuerit
424 2384 575 2461 idoneus,
607 2384 681 2449 illos
704 2389 901 2467 praeceptor
931 2385 1180 2466 interpretetur,
1211 2383 1269 2465 qui
1303 2383 1310 2396 '

301 2490 447 2555 moribus
482 2491 611 2574 pudicis
647 2511 714 2558 non
748 2490 910 2569 officiant,
953 2491 1011 2555 sed
1050 2490 1269 2556 adolescentis

301 2598 449 2662 animum
471 2598 678 2663 humanitate
701 2618 768 2663 non
791 2599 901 2663 minus
926 2599 1025 2675 alant,
1054 2617 1154 2680 quam
1177 2597 1269 2663 Lati-

213 2705 257 2770 ro
303 2704 409 2770 nitate
431 2705 615 2770 instituant.
640 2705 844 2770 Adolescens
868 2705 939 2789 ipse
962 2724 1117 2770 versuum
1142 2705 1270 2769 dimen-

301 2813 504 2878 surationem
527 2815 559 2876 et
583 2812 767 2876 carminum
791 2813 954 2877 rationem
978 2811 1169 2877 avidissime
1192 2831 1270 2894 per-

301 2919 417 2984 discat.
464 2918 557 2997 Quae
586 2919 770 3002 eleganter,
806 2939 892 3001 quae
927 2918 1147 2997 sententiose,
1183 2938 1270 3000 quae

302 3024 440 3090 licenter
464 3025 562 3105 dicta,
587 3044 672 3108 quae
696 3026 776 3090 item
801 3026 972 3105 imitanda,
996 3045 1082 3107 quae
1105 3044 1171 3089 non
1193 3025 1269 3103 sint,

301 3152 320 3197 a
344 3133 478 3198 doctore
493 3131 644 3197 sitienter
665 3132 822 3215 accipiat,
845 3133 932 3197 bene
950 3131 1039 3196 dicta
1055 3132 1269 3196 similitudine

212 3238 256 3303 45
302 3238 446 3321 quadam
464 3238 610 3322 effingat,
628 3240 766 3304 barbare
783 3240 912 3321 prolata
925 3239 1078 3303 emendet
1090 3239 1270 3320 stilumque

302 3348 336 3409 et
356 3345 464 3410 soluta
484 3346 518 3410 et
540 3365 716 3411 numerosa
737 3345 886 3412 oratione
907 3348 1068 3410 exerceat.
1105 3345 1270 3409 Paulatim

303 3452 402 3517 etiam
426 3453 467 3517 ad
492 3451 679 3518 dialectices
703 3453 865 3531 studium,
901 3471 968 3535 qua
998 3471 1113 3516 verum
1141 3471 1161 3516 a
1187 3451 1271 3516 falso

302 3560 523 3640 secernimus,
558 3562 590 3625 et
614 3560 656 3625 ad
679 3560 825 3643 reliquas
850 3559 1042 3641 disciplinas
1066 3559 1273 3641 pergendum

303 3668 361 3731 est.
402 3667 467 3731 Sed
487 3666 521 3730 in
543 3667 707 3732 studendo
730 3686 861 3748 semper
877 3667 957 3732 ordo
974 3666 1182 3732 adhibendus
1199 3664 1272 3745 erit,

214 3773 258 3838 50
303 3792 345 3838 ne
358 3772 441 3838 varii
453 3772 527 3839 libri
540 3773 675 3839 confuse
686 3776 844 3857 legantur,
858 3775 917 3838 sed
926 3773 1064 3856 singulis
1072 3771 1273 3838 lectionibus

303 3880 493 3963 dispertitas
517 3882 615 3946 horas
643 3882 758 3945 haberi
789 3882 961 3963 opportet,
996 3899 1082 3962 quae
1117 3898 1185 3943 una
1220 3898 1272 3943 res

302 3988 482 4069 plurimum
518 3989 655 4070 prodest
687 3990 721 4051 et
756 3989 798 4053 ad
828 3988 987 4053 librorum
1017 3987 1212 4051 varietatem
1240 3987 1273 4049 et

302 4095 479 4159 adrerum
503 4095 802 4174 consumationem,
837 4096 926 4177 quod
954 4095 1086 4158 abunde
1115 4095 1149 4156 et
1176 4091 1272 4157 facile

302 4201 430 4284 percipi
460 4203 585 4284 potest,
621 4201 726 4285 siquis
754 4204 878 4267 statuta
908 4203 988 4266 hora
1012 4200 1168 4283 exiguum
1192 4198 1273 4283 quid
