2632 4718
502 704 723 777 -93-2-

143 886 212 966 Qui
235 885 338 952 nimis
360 885 475 952 infecti
497 887 595 970 longe
618 889 771 971 contagia
793 887 911 953 mundi

71 994 120 1058 ·20
190 993 344 1058 Vilanles
368 1012 480 1060 sacros
503 994 673 1060 incoluere
696 996 796 1073 loom,

146 1099 324 1165 Placanles
347 1098 504 1183 precibus
528 1119 666 1183 superos
689 1104 722 1166 et
746 1102 844 1167 laude
867 1120 999 1179 canora,

190 1205 311 1271 lnienli
335 1207 440 1272 sacris
464 1210 559 1271 nocie
584 1206 705 1290 dieque
729 1206 833 1272 libris.

90 1328 94 1334 ·
145 1314 351 1378 Demeruere
376 1313 476 1378 deum
499 1314 642 1398 populos
665 1313 817 1397 plerique
841 1315 1011 1385 docenles

192 1419 352 1486 Doctrina
375 1420 525 1486 celebres
549 1424 584 1485 ei
605 1421 734 1502 pielale
757 1421 831 1495 viri,

73 1531 119 1592 ‘25
145 1526 343 1592 Traclaules
366 1545 488 1592 arcana
512 1545 616 1593 novae
640 1527 797 1609 mysleria
821 1528 913 1609 legis

193 1632 376 1699 Posterilas
400 1651 542 1716 quorum
568 1652 657 1698 nunc
680 1636 895 1699 monumenta
919 1635 1007 1717 legii.

147 1739 220 1804 Hos
242 1739 330 1805 inter
352 1758 531 1815 summum,
555 1743 651 1821 paler
674 1739 870 1820 Augustius,
894 1761 1053 1805 cacumen

192 1845 395 1928 symmystes
419 1845 545 1911 domini
569 1844 830 1929 coelicolumque
854 1849 958 1921 lenes,

146 1951 335 2017 Innumeris
357 1953 506 2018 celebrat
529 1954 621 2017 tolus
645 1972 745 2035 quem
770 1953 926 2018 laudibus
950 1953 1041 2018 orbis

76 2060 122 2125 30
192 2059 342 2140 Virlulis,
367 2058 506 2141 sophiae
531 2057 746 2141 coenobiique
772 2060 900 2124 ducem.

147 2164 338 2249 Virginibus
360 2167 532 2249 lamquam
555 2166 693 2247 gemmis
718 2165 859 2230 ecclesia
883 2165 1005 2230 Chrisii

193 2271 235 2337 El
257 2271 349 2336 varie
372 2272 481 2336 radiat
504 2274 538 2335 et
562 2271 635 2335 sine
661 2271 734 2336 labe
758 2272 854 2342 niiel.

149 2363 243 2456 Quae
267 2397 336 2444 nou
360 2377 512 2460 dignalae
535 2377 631 2442 terris
655 2377 825 2460 inquirere
849 2397 1009 2461 sponsum

191 2484 339 2569 Corpora
362 2487 536 2550 sacrarunt
558 2484 754 2550 intemerata
777 2486 849 2551 deo.

78 2593 122 2657 35
147 2592 328 2657 Praeterea
350 2591 446 2656 mulli
471 2591 636 2674 fugientes
660 2592 832 2657 daemonis
856 2596 964 2655 aslum

192 2698 236 2763 Se
258 2698 346 2763 vilae
368 2699 492 2764 formas
516 2698 694 2764 exhibuere
718 2700 803 2780 piae.

146 2804 239 2882 Quos
262 2803 390 2869 utinam
413 2805 484 2869 loia
507 2805 633 2887 pariter
658 2804 705 2869 sic
728 2807 840 2868 menie
864 2823 1072 2887 sequamur,¹

192 2910 242 2975 Ne
266 2910 388 2993 Stygiis
412 2909 492 2976 olim
516 2910 755 2976 discruciemur
779 2911 890 2994 aquis!

572 3231 655 3295 XIV.

107 3369 172 3439 Ad
195 3369 470 3440 doctissimum
493 3369 692 3440 bonarum
717 3369 863 3439 artium
886 3369 1119 3458 magistrum

199 3475 457 3566 Ludolphum
479 3475 736 3560 Bavinoum¹)
759 3475 1026 3546 Metelenium.

159 3601 207 3671 In
228 3601 488 3692 praeconium
511 3600 591 3671 divi
614 3601 793 3670 Thomas
811 3600 1078 3689 Aquincum).

104 3767 119 3828 1
148 3763 315 3847 Imprimis
338 3782 497 3847 generum
520 3766 661 3839 veteres,
686 3760 839 3841 Bavince,
864 3761 1004 3826 duorum

191 3871 363 3937 Laudibus
387 3871 427 3935 ad
453 3889 610 3935 numeros
635 3868 829 3933 incubuisse
854 3867 962 3932 rides:

148 3978 233 4042 Nam
256 3979 309 4043 vel
332 3997 528 4060 magnorum
553 3977 744 4041 cecinerunt
768 3975 895 4057 proelia
919 3993 1032 4054 regum

197 4121 232 4132 -
259 4084 400 4150 Forliler
423 4088 472 4148 esi
498 4087 608 4166 gestas
632 4102 685 4147 res
710 4082 887 4148 romilalus
911 4082 1025 4156 honor,
1039 4112 1080 4126 -

101 4194 122 4256 5
147 4191 205 4256 Vel
229 4190 366 4272 sophiae
390 4190 494 4256 Musis
518 4189 686 4254 slntliosos
709 4190 789 4252 sunl
811 4186 959 4250 verrerali

192 4297 234 4362 El
259 4297 381 4362 fidibus
405 4299 522 4362 doctos
546 4297 719 4361 excoluere
743 4295 840 4360 viros,
