2632 4718
490 717 711 785 ..19-

195 895 332 960 Structo
355 915 418 960 neo
442 896 485 960 ad
508 915 638 979 pugnas
662 898 768 981 ardua
790 897 894 962 turris
917 901 997 963 erat.

142 1002 286 1066 Praeter
309 1020 415 1083 aquas
438 1003 611 1067 hominum
634 1007 819 1070 conventus
843 1003 889 1067 nil
914 1004 1103 1081 dirimebat,

78 1110 121 1171 10
191 1108 370 1190 Augebant
392 1128 511 1174 omnes
534 1109 603 1174 otia
627 1110 714 1175 laeta
736 1130 861 1193 greges.

141 1214 188 1278 At
212 1218 391 1297 postquam
416 1218 546 1280 mentes
569 1217 753 1281 incesserat
776 1218 875 1281 ardor
897 1217 1053 1294 habendi,

196 1320 344 1386 Invidiae
368 1321 473 1403 pestis
495 1321 721 1403 gloriolaeque
746 1321 862 1401 sames

143 1426 253 1491 Omne
276 1431 415 1510 repente
439 1428 563 1492 malum
587 1428 727 1492 miseros
751 1429 908 1512 apparuit
930 1429 1018 1493 inter·

196 1535 368 1599 Mortales:
392 1535 523 1612 caedes
547 1535 645 1609 furta,
670 1534 798 1618 rapina,
823 1536 899 1601 doli.

79 1643 121 1705 15
148 1639 254 1704 blaior
277 1645 348 1704 erat
372 1641 476 1706 multo
499 1642 630 1722 generis
654 1643 832 1705 eoncordia
855 1642 957 1722 bruti,

197 1748 309 1810 Parcit
332 1747 440 1810 adhuc
464 1738 563 1810 simili
588 1747 688 1811 belua
712 1767 810 1812 saeva
834 1747 934 1812 ferae.

143 1854 221 1918 Non
244 1853 404 1918 adversus
428 1872 547 1934 aprum
571 1855 690 1918 dentes
714 1856 889 1935 exasperat
913 1855 1008 1929 alter,

196 1959 281 2024 Cum
304 1960 421 2024 rabida
444 1978 562 2042 paoem
586 1959 706 2040 tigride
731 1959 825 2041 tigris
849 1961 961 2024 habet.

143 2067 238 2131 Inter
261 2086 297 2129 se
321 2084 494 2148 nunquam
518 2065 581 2129 risi
604 2086 754 2149 pugnare
779 2067 903 2143 leones,

77 2175 125 2237 ‘20
197 2172 265 2237 Nec
291 2173 390 2256 lupus
414 2173 450 2236 in
474 2191 592 2237 canum
617 2173 760 2237 concitat
784 2193 842 2238 ora
866 2174 993 2255 lupum.

143 2279 220 2343 Non
244 2280 331 2343 celer·
354 2279 547 2360 insequitur
571 2279 766 2361 delphinum
789 2299 849 2362 per
873 2299 965 2343 mare
983 2281 1130 2361 delphin,

195 2386 391 2468 Serpentem
416 2384 543 2449 colubri
567 2385 664 2449 sibila
689 2386 779 2449 nulla
802 2387 932 2466 petunt.

143 2491 296 2574 Denique
320 2493 412 2556 solus
436 2493 534 2556 lromo
558 2493 688 2556 mortali
713 2491 875 2573 sanguine
899 2493 1020 2573 gaudet

196 2597 394 2679 lntlictoque
418 2598 523 2662 maias
548 2598 685 2662 vulnere
708 2597 839 2678 quaerit
864 2616 954 2678 opes.

75 2706 120 2769 25
147 2704 201 2767 Ad
227 2724 317 2769 mare
342 2705 494 2768 littoreas
519 2704 616 2768 citius
641 2704 833 2767 numerabis
856 2723 986 2780 arenas,

194 2811 263 2875 Aut
286 2814 368 2893 quot
391 2809 555 2874 sideribus
580 2830 644 2874 nox
669 2811 797 2874 radiata
820 2809 933 2887 micet,

143 2918 275 2982 Proelia
297 2937 399 2999 quam
416 2936 578 2982 memores
595 2919 725 2981 vastum
749 2918 904 2980 conserta
928 2935 988 2996 per
1005 2917 1130 2993 orbem,

196 3023 367 3088 Nobilium
392 3025 451 3087 aut
475 3041 630 3087 numeres
654 3022 753 3086 fortia
776 3025 868 3103 gesta
892 3023 1024 3086 dueum.

143 3130 292 3195 Invidiae
316 3131 425 3194 rabies
450 3133 483 3194 et
506 3149 598 3193 arnor
624 3129 780 3211 regnique
806 3128 909 3191 libido

78 3243 122 3302 30
194 3237 304 3318 Atque
328 3235 432 3301 fames
455 3235 526 3300 auri
551 3236 695 3316 plurima
718 3235 807 3299 bella
831 3237 976 3297 movent.

143 3344 255 3408 Prima
278 3343 340 3408 luit
363 3341 485 3425 pugnis
509 3342 654 3406 exercita
677 3362 790 3424 pugna
814 3340 970 3419 cruentis,

196 3451 282 3514 Dum
305 3450 408 3515 coluit
431 3449 532 3514 silvas
557 3468 701 3530 saxaque
725 3448 824 3512 turba
848 3447 951 3510 rudis,

144 3557 314 3622 biordaces
338 3557 439 3621 etiam
462 3556 638 3619 armabant
662 3554 697 3617 in
721 3555 860 3618 vulnera
884 3554 1010 3629 dentes,

198 3663 372 3746 Unguibus
396 3663 431 3727 in
454 3662 581 3727 laceras
605 3661 762 3725 insiluere
786 3680 898 3741 genas.

80 3772 124 3835 35
150 3770 325 3835 Vellebant
348 3769 500 3834 madidos
524 3769 667 3850 spoliato
691 3767 813 3831 vertice
837 3767 946 3829 crines

197 3877 443 3958 Radebantque
467 3895 568 3939 manu
593 3874 796 3938 dilacerante
820 3875 941 3935 autern.

143 3983 229 4047 Turn
254 3984 356 4048 duros
380 3982 491 4059 etiam,
517 3982 676 4045 silvarum
701 3978 870 4059 fragmina,
896 3997 1005 4041 ramos

194 4089 362 4171 Sanguine
388 4087 514 4171 pertusi
539 4085 731 4168 corripuere
756 4085 833 4163 riri;

144 4196 344 4261 Contorsere
368 4214 482 4274 graves
505 4192 635 4273 lapides
661 4191 779 4256 hostile
804 4208 864 4272 per
889 4208 1017 4270 agmen,

79 4304 125 4367 40
194 4302 309 4383 Usque
334 4301 418 4364 adeo
442 4299 539 4364 laesis
565 4297 647 4362 ultio
670 4301 764 4378 grata
787 4295 861 4361 suit.

918 4403 936 4465 2
946 4401 961 4434 1
