2632 4718
735 692 955 757 ..24-

423 894 463 937 ex
498 872 641 955 epistola
680 870 825 953 quadum
859 868 959 953 longe
993 868 1308 939 doctissima·Ru

421 977 530 1061 neit),
546 998 614 1061 qua
629 976 766 1059 quidem
781 976 838 1041 itte
853 976 986 1041 senatui
1001 976 1299 1066 Antrerpiensi*)

357 1092 376 1153 5
423 1106 477 1150 ma
500 1088 573 1149 tum
595 1082 678 1161 ssde,
706 1086 777 1147 turn
800 1080 957 1147 facundia
988 1084 1148 1149 suadere
1175 1090 1303 1151 corratu

422 1192 500 1256 ludo
524 1190 687 1255 litterario
710 1178 906 1271 praeficiant
929 1186 1096 1271 aliquem.
1121 1193 1190 1272 qui
1218 1192 1316 1259 bonu·

424 1301 513 1361 teras
544 1294 696 1361 didicerit
724 1314 786 1359 nec
820 1292 888 1377 (uti
918 1292 1043 1373 solent)
1082 1296 1220 1363 intanti
1254 1300 1304 1363 th

425 1407 484 1467 aut
508 1402 645 1485 physico
669 1400 704 1465 id
728 1398 875 1465 muneris
897 1398 1131 1479 committant,
1166 1404 1244 1487 qui,
1268 1424 1310 1469 cu

428 1527 628 1591 quacunque
661 1509 702 1572 de
730 1528 765 1571 re
800 1506 912 1571 dicere
945 1526 1046 1589 posse
1074 1508 1256 1589 confidat,
1291 1531 1316 1575 ιι

342 1619 379 1679 11)
426 1602 537 1679 dicere
566 1614 648 1696 quid
677 1613 729 1691 sit,
753 1612 891 1696 ignoret.
933 1610 1025 1689 Quid
1051 1613 1151 1679 enim
1188 1614 1222 1681 is
1261 1616 1312 1695 (in

426 1720 525 1785 faciet
541 1721 576 1783 in
593 1720 671 1784 ludo
688 1718 876 1783 litterario?
900 1716 1040 1799 Nempe,
1064 1722 1107 1783 ut
1124 1718 1258 1787 Graeci
1276 1722 1309 1787 di

428 1828 462 1891 id
486 1827 577 1909 quod
604 1824 723 1903 „Canis
746 1824 780 1890 in
804 1824 957 1889 balneo“.

778 2018 924 2083 xxvln.

495 2143 557 2212 Ex
580 2141 732 2210 eodem.
777 2140 839 2209 De
861 2138 1015 2209 ratione
1039 2139 1177 2209 studii.
1190 2142 1220 2226 ¹)

519 2306 734 2385 Quapropter
759 2306 901 2384 utroque
926 2302 1103 2382 ingruere
1126 2303 1250 2368 statim
1273 2328 1312 2371 o·

434 2409 624 2492 etquidem
649 2410 691 2472 ab
715 2408 848 2492 optimis
873 2411 951 2472 sunt
976 2408 1144 2472 discenda.
1194 2410 1292 2487 Quid

432 2516 579 2589 stultius
604 2536 702 2597 quam
727 2536 845 2597 magno
863 2516 975 2579 labore
999 2514 1136 2589 discere,
1161 2534 1255 2597 quae
1281 2538 1316 2600 pr

431 2624 547 2687 maiori
580 2622 708 2704 cogaris
739 2622 936 2686 dediscere?
982 2620 1070 2685 Nihil
1107 2624 1225 2685 autern
1265 2626 1316 2689 ia

368 2736 386 2795 5
434 2729 586 2803 discitur,
617 2748 717 2810 quarn
750 2729 840 2810 quod
871 2732 996 2793 rectum
1026 2747 1206 2791 acierum
1237 2734 1304 2793 est.

428 2855 531 2917 prava
556 2837 582 2899 si
606 2836 708 2898 senrel
738 2835 942 2899 inhaeserint
965 2834 1107 2916 ingenio,
1132 2834 1225 2898 dictu
1257 2837 1306 2899 1111

428 2962 527 3025 quarn
554 2963 620 3005 non
645 2943 775 3024 possint
799 2942 921 3005 revelli.
978 2941 1124 3004 Prirnnrn
1150 2938 1253 3021 igitur
1280 2943 1314 3006 lo

427 3049 642 3131 gramrnatica
673 3047 737 3111 sibi
769 3049 915 3111 vindicat
947 3066 1054 3128 raqne
1085 3046 1240 3127 protinus
1266 3049 1314 3112 du

430 3156 593 3219 tradenda
617 3154 743 3236 pueris,
768 3155 894 3218 Graeca
917 3153 1069 3217 videlicet
1096 3173 1134 3215 ac
1159 3151 1298 3225 Latina,

343 3265 384 3327 10
431 3264 539 3341 modo,
564 3264 653 3343 quod
678 3261 730 3325 his
747 3263 878 3325 duabus
903 3260 1022 3341 linguis
1046 3260 1158 3322 omnia
1180 3260 1287 3323 ferme

429 3369 581 3451 prodita,
617 3388 704 3450 quae
741 3367 840 3450 digna
875 3368 1006 3448 cognitu
1039 3365 1235 3439 rideantur,
1273 3386 1314 3431 ve

428 3476 538 3545 etiarn,
555 3475 644 3556 quod
662 3477 803 3556 utraque
827 3474 920 3537 alteri
939 3473 987 3536 sic
1003 3471 1114 3537 affinis
1131 3473 1192 3545 est,
1217 3474 1253 3534 ut
1271 3492 1290 3536 a

429 3582 527 3645 citius
566 3581 694 3663 percipi
725 3585 851 3662 queant
883 3578 1103 3649 coniunctim,
1145 3597 1245 3659 quarn
1283 3580 1315 3643 al

429 3689 502 3751 sine
535 3688 652 3761 attera,
683 3691 773 3751 certe
804 3707 903 3769 quam
930 3686 1047 3749 Latina
1077 3686 1149 3748 sine
1173 3684 1312 3750 Graeca.

345 3796 383 3857 15
431 3793 567 3858 Graecis
590 3794 756 3875 aru-picari
786 3815 846 3858 nos
869 3794 996 3857 nrarnlt
1021 3790 1248 3870 Quintilianus
1258 3790 1299 3873 ¹²),

429 3901 486 3964 ita.
523 3902 558 3965 Si
583 3901 633 3963 lris
658 3900 777 3964 litteris
801 3900 970 3982 perceptis
996 3919 1063 3962 non
1087 3899 1184 3978 longo
1208 3898 1315 3961 interi

430 4005 569 4070 Latinae
593 4007 783 4075 succedant,
808 4026 888 4071 sane
906 4010 1065 4087 utrasque
1089 4003 1162 4086 pari
1186 4008 1301 4068 curat

431 4113 490 4176 das
520 4132 593 4177 esso
623 4114 735 4177 monet
766 4115 868 4195 atquo
897 4115 945 4177 ita
980 4112 1144 4189 intururn,
1182 4112 1219 4173 ut
1249 4132 1315 4177 neu

410 4286 436 4358 ‘J
456 4288 492 4340 A:
513 4288 726 4358 tiantrcrpiensi,
755 4290 789 4342 B:
810 4290 1022 4357 ltcntrerpiensi.
