<?xml version="1.0" encoding="UTF-8"?>
<!DOCTYPE html PUBLIC "-//W3C//DTD XHTML 1.0 Transitional//EN"
    "http://www.w3.org/TR/xhtml1/DTD/xhtml1-transitional.dtd">
<html xmlns="http://www.w3.org/1999/xhtml" xml:lang="en" lang="en">
 <head>
  <title>
</title>
<meta http-equiv="Content-Type" content="text/html;charset=utf-8" />
  <meta name='ocr-system' content='tesseract 3.04.00' />
  <meta name='ocr-capabilities' content='ocr_page ocr_carea ocr_par ocr_line ocrx_word'/>
</head>
<body>
  <div class='ocr_page' id='page_1' title='image "./ausgewhltewerke00bmgoog_0079.png"; bbox 0 0 2632 4718; ppageno 0'>
   <div class='ocr_carea' id='block_1_1' title="bbox 626 588 846 652">
    <p class='ocr_par' dir='ltr' id='par_1_1' title="bbox 626 588 846 652">
     <span class='ocr_line' id='line_1_1' title="bbox 626 588 846 652; baseline 0 -19"><span class='ocrx_word' id='word_1_1' title='bbox 626 588 846 652; x_wconf 71' lang='lat' dir='ltr'>..2ss-</span> 
     </span>
    </p>
   </div>
   <div class='ocr_carea' id='block_1_2' title="bbox 209 761 1268 2330">
    <p class='ocr_par' dir='ltr' id='par_1_2' title="bbox 300 761 1266 846">
     <span class='ocr_line' id='line_1_2' title="bbox 300 761 1266 846; baseline -0.001 -16"><span class='ocrx_word' id='word_1_2' title='bbox 300 763 328 829; x_wconf 91' lang='lat' dir='ltr'>si</span> <span class='ocrx_word' id='word_1_3' title='bbox 351 765 450 830; x_wconf 90' lang='lat' dir='ltr'>modo</span> <span class='ocrx_word' id='word_1_4' title='bbox 473 765 564 828; x_wconf 89' lang='lat' dir='ltr'>recte</span> <span class='ocrx_word' id='word_1_5' title='bbox 586 761 740 829; x_wconf 89' lang='lat' dir='ltr'>instituta</span> <span class='ocrx_word' id='word_1_6' title='bbox 763 763 822 844; x_wconf 87' lang='lat' dir='ltr'>sit,</span> <span class='ocrx_word' id='word_1_7' title='bbox 852 782 975 846; x_wconf 90' lang='lat' dir='ltr'>pueros</span> <span class='ocrx_word' id='word_1_8' title='bbox 1004 762 1115 829; x_wconf 91' lang='lat' dir='ltr'>doceri</span> <span class='ocrx_word' id='word_1_9' title='bbox 1142 763 1266 829; x_wconf 86' lang='lat' dir='ltr'>credat.</span> 
     </span>
    </p>

    <p class='ocr_par' dir='ltr' id='par_1_3' title="bbox 209 870 1268 1380">
     <span class='ocr_line' id='line_1_3' title="bbox 209 870 1268 954; baseline 0 -18"><span class='ocrx_word' id='word_1_10' title='bbox 209 874 250 937; x_wconf 81' lang='lat'>10</span> <span class='ocrx_word' id='word_1_11' title='bbox 293 871 518 950; x_wconf 81' lang='lat' dir='ltr'>Quamobrem</span> <span class='ocrx_word' id='word_1_12' title='bbox 541 871 583 937; x_wconf 91' lang='lat' dir='ltr'>de</span> <span class='ocrx_word' id='word_1_13' title='bbox 607 890 646 935; x_wconf 88' lang='lat' dir='ltr'>ea</span> <span class='ocrx_word' id='word_1_14' title='bbox 669 890 705 935; x_wconf 91' lang='lat' dir='ltr'>re</span> <span class='ocrx_word' id='word_1_15' title='bbox 728 870 824 953; x_wconf 89' lang='lat' dir='ltr'>plura</span> <span class='ocrx_word' id='word_1_16' title='bbox 848 871 959 937; x_wconf 86' lang='lat' dir='ltr'>dicere</span> <span class='ocrx_word' id='word_1_17' title='bbox 982 871 1209 954; x_wconf 84' lang='lat' dir='ltr'>supersedebo</span> <span class='ocrx_word' id='word_1_18' title='bbox 1233 874 1268 937; x_wconf 90' lang='lat' dir='ltr'>et</span> 
     </span>
     <span class='ocr_line' id='line_1_4' title="bbox 295 976 1266 1061; baseline 0.001 -17"><span class='ocrx_word' id='word_1_19' title='bbox 295 979 330 1044; x_wconf 90' lang='lat' dir='ltr'>in</span> <span class='ocrx_word' id='word_1_20' title='bbox 354 997 420 1061; x_wconf 90' lang='lat' dir='ltr'>qua</span> <span class='ocrx_word' id='word_1_21' title='bbox 443 979 550 1043; x_wconf 90' lang='lat' dir='ltr'>aetate</span> <span class='ocrx_word' id='word_1_22' title='bbox 574 977 707 1043; x_wconf 87' lang='lat' dir='ltr'>scholae</span> <span class='ocrx_word' id='word_1_23' title='bbox 729 976 941 1061; x_wconf 83' lang='lat' dir='ltr'><strong>mancipandi</strong></span> <span class='ocrx_word' id='word_1_24' title='bbox 964 978 1041 1058; x_wconf 89' lang='lat' dir='ltr'>sint,</span> <span class='ocrx_word' id='word_1_25' title='bbox 1065 977 1124 1043; x_wconf 91' lang='lat' dir='ltr'>ubi</span> <span class='ocrx_word' id='word_1_26' title='bbox 1140 977 1266 1058; x_wconf 82' lang='lat' dir='ltr'>dixero,</span> 
     </span>
     <span class='ocr_line' id='line_1_5' title="bbox 295 1084 1267 1170; baseline -0.001 -20"><span class='ocrx_word' id='word_1_27' title='bbox 295 1106 381 1170; x_wconf 88' lang='lat' dir='ltr'>quae</span> <span class='ocrx_word' id='word_1_28' title='bbox 416 1084 611 1150; x_wconf 90' lang='lat' dir='ltr'>scholastico</span> <span class='ocrx_word' id='word_1_29' title='bbox 645 1084 825 1167; x_wconf 92' lang='lat' dir='ltr'>unicuique</span> <span class='ocrx_word' id='word_1_30' title='bbox 859 1085 1046 1150; x_wconf 86' lang='lat' dir='ltr'>necessaria</span> <span class='ocrx_word' id='word_1_31' title='bbox 1080 1085 1267 1165; x_wconf 89' lang='lat' dir='ltr'>videantur,</span> 
     </span>
     <span class='ocr_line' id='line_1_6' title="bbox 294 1190 1267 1276; baseline -0.001 -19"><span class='ocrx_word' id='word_1_32' title='bbox 294 1193 409 1276; x_wconf 88' lang='lat' dir='ltr'>paucis</span> <span class='ocrx_word' id='word_1_33' title='bbox 432 1192 579 1275; x_wconf 91' lang='lat' dir='ltr'>eloquar.</span> <span class='ocrx_word' id='word_1_34' title='bbox 611 1193 699 1258; x_wconf 82' lang='lat' dir='ltr'>Sunt</span> <span class='ocrx_word' id='word_1_35' title='bbox 716 1212 793 1275; x_wconf 78' lang='lat' dir='ltr'>ergo</span> <span class='ocrx_word' id='word_1_36' title='bbox 809 1210 829 1255; x_wconf 93' lang='lat' dir='ltr'>a</span> <span class='ocrx_word' id='word_1_37' title='bbox 846 1191 990 1276; x_wconf 85' lang='lat' dir='ltr'>pueritia</span> <span class='ocrx_word' id='word_1_38' title='bbox 1005 1191 1102 1257; x_wconf 90' lang='lat' dir='ltr'>bonis</span> <span class='ocrx_word' id='word_1_39' title='bbox 1118 1190 1267 1257; x_wconf 89' lang='lat' dir='ltr'>moribus</span> 
     </span>
     <span class='ocr_line' id='line_1_7' title="bbox 296 1299 1267 1380; baseline 0 -16"><span class='ocrx_word' id='word_1_40' title='bbox 296 1303 329 1364; x_wconf 93' lang='lat' dir='ltr'>et</span> <span class='ocrx_word' id='word_1_41' title='bbox 364 1301 550 1365; x_wconf 89' lang='lat' dir='ltr'>litterarum</span> <span class='ocrx_word' id='word_1_42' title='bbox 584 1299 706 1364; x_wconf 90' lang='lat' dir='ltr'>studiis</span> <span class='ocrx_word' id='word_1_43' title='bbox 741 1299 1004 1380; x_wconf 87' lang='lat' dir='ltr'>assuefaciendi,</span> <span class='ocrx_word' id='word_1_44' title='bbox 1039 1300 1118 1365; x_wconf 92' lang='lat' dir='ltr'>dum</span> <span class='ocrx_word' id='word_1_45' title='bbox 1152 1299 1267 1364; x_wconf 83' lang='lat' dir='ltr'>faciles</span> 
     </span>
    </p>

    <p class='ocr_par' dir='ltr' id='par_1_4' title="bbox 210 1405 1268 1902">
     <span class='ocr_line' id='line_1_8' title="bbox 210 1405 1268 1489; baseline -0.003 -17"><span class='ocrx_word' id='word_1_46' title='bbox 210 1407 249 1472; x_wconf 84' lang='lat'>15</span> <span class='ocrx_word' id='word_1_47' title='bbox 295 1407 397 1473; x_wconf 91' lang='lat' dir='ltr'>animi</span> <span class='ocrx_word' id='word_1_48' title='bbox 421 1407 589 1485; x_wconf 83' lang='lat' dir='ltr'>iuvenum,</span> <span class='ocrx_word' id='word_1_49' title='bbox 614 1407 694 1472; x_wconf 94' lang='lat' dir='ltr'>dum</span> <span class='ocrx_word' id='word_1_50' title='bbox 716 1405 849 1472; x_wconf 89' lang='lat' dir='ltr'>mobilis</span> <span class='ocrx_word' id='word_1_51' title='bbox 871 1408 973 1472; x_wconf 88' lang='lat' dir='ltr'>aetas.</span> <span class='ocrx_word' id='word_1_52' title='bbox 1020 1405 1107 1471; x_wconf 91' lang='lat' dir='ltr'>Nam</span> <span class='ocrx_word' id='word_1_53' title='bbox 1129 1407 1168 1471; x_wconf 94' lang='lat' dir='ltr'>ut</span> <span class='ocrx_word' id='word_1_54' title='bbox 1190 1405 1268 1489; x_wconf 92' lang='lat' dir='ltr'>phi-</span> 
     </span>
     <span class='ocr_line' id='line_1_9' title="bbox 296 1513 1268 1597; baseline 0 -19"><span class='ocrx_word' id='word_1_55' title='bbox 296 1515 455 1597; x_wconf 90' lang='lat' dir='ltr'>losophus</span> <span class='ocrx_word' id='word_1_56' title='bbox 478 1513 690 1579; x_wconf 87' lang='lat' dir='ltr'>veracissime</span> <span class='ocrx_word' id='word_1_57' title='bbox 714 1513 812 1580; x_wconf 92' lang='lat' dir='ltr'>dicit:</span> <span class='ocrx_word' id='word_1_58' title='bbox 839 1513 934 1594; x_wconf 86' lang='lat' dir='ltr'>„Non</span> <span class='ocrx_word' id='word_1_59' title='bbox 956 1533 1084 1597; x_wconf 88' lang='lat' dir='ltr'>parurn,</span> <span class='ocrx_word' id='word_1_60' title='bbox 1108 1513 1169 1578; x_wconf 90' lang='lat' dir='ltr'>sed</span> <span class='ocrx_word' id='word_1_61' title='bbox 1190 1513 1268 1597; x_wconf 91' lang='lat' dir='ltr'>plu-</span> 
     </span>
     <span class='ocr_line' id='line_1_10' title="bbox 297 1618 1268 1704; baseline 0 -19"><span class='ocrx_word' id='word_1_62' title='bbox 297 1619 432 1700; x_wconf 87' lang='lat' dir='ltr'>rimum,</span> <span class='ocrx_word' id='word_1_63' title='bbox 463 1621 546 1704; x_wconf 90' lang='lat' dir='ltr'>quin</span> <span class='ocrx_word' id='word_1_64' title='bbox 573 1622 686 1704; x_wconf 91' lang='lat' dir='ltr'>potius</span> <span class='ocrx_word' id='word_1_65' title='bbox 710 1623 819 1686; x_wconf 90' lang='lat' dir='ltr'>totum</span> <span class='ocrx_word' id='word_1_66' title='bbox 842 1622 958 1700; x_wconf 88' lang='lat' dir='ltr'>refert,</span> <span class='ocrx_word' id='word_1_67' title='bbox 989 1620 1037 1685; x_wconf 93' lang='lat' dir='ltr'>sic</span> <span class='ocrx_word' id='word_1_68' title='bbox 1060 1639 1102 1685; x_wconf 90' lang='lat' dir='ltr'>an</span> <span class='ocrx_word' id='word_1_69' title='bbox 1127 1638 1195 1682; x_wconf 92' lang='lat' dir='ltr'>non</span> <span class='ocrx_word' id='word_1_70' title='bbox 1218 1618 1268 1685; x_wconf 85' lang='lat' dir='ltr'>sic</span> 
     </span>
     <span class='ocr_line' id='line_1_11' title="bbox 296 1726 1268 1812; baseline -0.001 -20"><span class='ocrx_word' id='word_1_71' title='bbox 296 1729 446 1794; x_wconf 91' lang='lat' dir='ltr'>homines</span> <span class='ocrx_word' id='word_1_72' title='bbox 485 1727 709 1794; x_wconf 89' lang='lat' dir='ltr'>adolescentia</span> <span class='ocrx_word' id='word_1_73' title='bbox 747 1731 997 1795; x_wconf 85' lang='lat' dir='ltr'>consuescant.“</span> <span class='ocrx_word' id='word_1_74' title='bbox 1059 1727 1101 1792; x_wconf 85' lang='lat' dir='ltr'>Et</span> <span class='ocrx_word' id='word_1_75' title='bbox 1139 1726 1268 1812; x_wconf 84' lang='lat' dir='ltr'>Mar01)</span> 
     </span>
     <span class='ocr_line' id='line_1_12' title="bbox 295 1840 425 1902; baseline 0 -2"><span class='ocrx_word' id='word_1_76' title='bbox 295 1840 425 1902; x_wconf 88' lang='lat' dir='ltr'>noster:</span> 
     </span>
    </p>

    <p class='ocr_par' dir='ltr' id='par_1_5' title="bbox 210 1942 1227 2330">
     <span class='ocr_line' id='line_1_13' title="bbox 210 1942 1227 2023; baseline -0.003 -15"><span class='ocrx_word' id='word_1_77' title='bbox 210 1943 254 2008; x_wconf 70' lang='lat'>20</span> <span class='ocrx_word' id='word_1_78' title='bbox 341 1943 516 2023; x_wconf 84' lang='lat' dir='ltr'>...„Adec</span> <span class='ocrx_word' id='word_1_79' title='bbox 538 1943 574 2008; x_wconf 95' lang='lat' dir='ltr'>in</span> <span class='ocrx_word' id='word_1_80' title='bbox 596 1943 721 2009; x_wconf 89' lang='lat' dir='ltr'>teneris</span> <span class='ocrx_word' id='word_1_81' title='bbox 744 1962 961 2008; x_wconf 84' lang='lat' dir='ltr'>consuescere</span> <span class='ocrx_word' id='word_1_82' title='bbox 983 1942 1123 2007; x_wconf 90' lang='lat' dir='ltr'>multum</span> <span class='ocrx_word' id='word_1_83' title='bbox 1147 1942 1227 2006; x_wconf 84' lang='lat' dir='ltr'>est.“</span> 
     </span>
     <span class='ocr_line' id='line_1_14' title="bbox 297 2048 767 2134; baseline 0.002 -19"><span class='ocrx_word' id='word_1_84' title='bbox 297 2050 468 2133; x_wconf 86' lang='lat' dir='ltr'>Satyricus</span> <span class='ocrx_word' id='word_1_85' title='bbox 492 2049 595 2116; x_wconf 86' lang='lat' dir='ltr'>etiam</span> <span class='ocrx_word' id='word_1_86' title='bbox 617 2048 767 2134; x_wconf 76' lang='lat' dir='ltr'>poeta2):</span> 
     </span>
     <span class='ocr_line' id='line_1_15' title="bbox 300 2155 1212 2235; baseline -0.001 -14"><span class='ocrx_word' id='word_1_87' title='bbox 300 2157 392 2235; x_wconf 85' lang='lat' dir='ltr'>„Quo</span> <span class='ocrx_word' id='word_1_88' title='bbox 415 2158 518 2223; x_wconf 91' lang='lat' dir='ltr'>semel</span> <span class='ocrx_word' id='word_1_89' title='bbox 542 2162 593 2223; x_wconf 90' lang='lat' dir='ltr'>est</span> <span class='ocrx_word' id='word_1_90' title='bbox 616 2157 745 2222; x_wconf 90' lang='lat' dir='ltr'>imbuta</span> <span class='ocrx_word' id='word_1_91' title='bbox 767 2176 884 2222; x_wconf 90' lang='lat' dir='ltr'>recens</span> <span class='ocrx_word' id='word_1_92' title='bbox 908 2155 1053 2221; x_wconf 79' lang='lat' dir='ltr'>servabit</span> <span class='ocrx_word' id='word_1_93' title='bbox 1075 2156 1212 2222; x_wconf 92' lang='lat' dir='ltr'>odorem</span> 
     </span>
     <span class='ocr_line' id='line_1_16' title="bbox 297 2264 509 2330; baseline 0.005 -2"><span class='ocrx_word' id='word_1_94' title='bbox 297 2264 399 2330; x_wconf 89' lang='lat' dir='ltr'>Testa</span> <span class='ocrx_word' id='word_1_95' title='bbox 422 2265 509 2330; x_wconf 86' lang='lat' dir='ltr'>diu.“</span> 
     </span>
    </p>
   </div>
   <div class='ocr_carea' id='block_1_3' title="bbox 210 2370 1267 2651">
    <p class='ocr_par' dir='ltr' id='par_1_6' title="bbox 210 2370 1267 2651">
     <span class='ocr_line' id='line_1_17' title="bbox 359 2370 559 2437; baseline 0.005 -1"><span class='ocrx_word' id='word_1_96' title='bbox 359 2372 401 2437; x_wconf 87' lang='lat' dir='ltr'>Et</span> <span class='ocrx_word' id='word_1_97' title='bbox 424 2370 559 2437; x_wconf 67' lang='lat' dir='ltr'>aliast:</span> 
     </span>
     <span class='ocr_line' id='line_1_18' title="bbox 210 2375 1267 2561; baseline -0.002 -18"><span class='ocrx_word' id='word_1_98' title='bbox 210 2479 251 2543; x_wconf 67' lang='lat'>25</span> <span class='ocrx_word' id='word_1_99' title='bbox 301 2478 506 2559; x_wconf 88' lang='lat' dir='ltr'>„Plurimum</span> <span class='ocrx_word' id='word_1_100' title='bbox 524 2375 612 2543; x_wconf 47' lang='lat' dir='ltr'>Enim</span> <span class='ocrx_word' id='word_1_101' title='bbox 627 2477 791 2559; x_wconf 88' lang='lat' dir='ltr'>intererit,</span> <span class='ocrx_word' id='word_1_102' title='bbox 813 2478 934 2561; x_wconf 90' lang='lat' dir='ltr'>quibus</span> <span class='ocrx_word' id='word_1_103' title='bbox 951 2477 1080 2542; x_wconf 89' lang='lat' dir='ltr'>artibus</span> <span class='ocrx_word' id='word_1_104' title='bbox 1096 2479 1129 2541; x_wconf 92' lang='lat' dir='ltr'>et</span> <span class='ocrx_word' id='word_1_105' title='bbox 1144 2476 1267 2560; x_wconf 91' lang='lat' dir='ltr'>quibus</span> 
     </span>
     <span class='ocr_line' id='line_1_19' title="bbox 1010 2586 1160 2651; baseline -0.02 0"><span class='ocrx_word' id='word_1_106' title='bbox 1010 2586 1100 2651; x_wconf 92' lang='lat' dir='ltr'>hunc</span> <span class='ocrx_word' id='word_1_107' title='bbox 1122 2587 1160 2649; x_wconf 91' lang='lat' dir='ltr'>tu</span> 
     </span>
    </p>
   </div>
   <div class='ocr_carea' id='block_1_4' title="bbox 208 2691 1272 4278">
    <p class='ocr_par' dir='ltr' id='par_1_7' title="bbox 208 2691 1272 4278">
     <span class='ocr_line' id='line_1_20' title="bbox 342 2691 1171 2777; baseline -0.004 -18"><span class='ocrx_word' id='word_1_108' title='bbox 342 2693 489 2760; x_wconf 89' lang='lat' dir='ltr'>Moribus</span> <span class='ocrx_word' id='word_1_109' title='bbox 512 2692 679 2758; x_wconf 87' lang='lat' dir='ltr'>instituas.</span> <span class='ocrx_word' id='word_1_110' title='bbox 726 2694 889 2777; x_wconf 89' lang='lat' dir='ltr'>Serpente</span> <span class='ocrx_word' id='word_1_111' title='bbox 912 2691 1039 2758; x_wconf 91' lang='lat' dir='ltr'>ciconia</span> <span class='ocrx_word' id='word_1_112' title='bbox 1061 2691 1171 2775; x_wconf 92' lang='lat' dir='ltr'>pullos</span> 
     </span>
     <span class='ocr_line' id='line_1_21' title="bbox 343 2799 1133 2884; baseline -0.001 -19"><span class='ocrx_word' id='word_1_113' title='bbox 343 2799 457 2866; x_wconf 90' lang='lat' dir='ltr'>Nutrit</span> <span class='ocrx_word' id='word_1_114' title='bbox 481 2803 514 2865; x_wconf 92' lang='lat' dir='ltr'>et</span> <span class='ocrx_word' id='word_1_115' title='bbox 537 2800 672 2866; x_wconf 90' lang='lat' dir='ltr'>inventa</span> <span class='ocrx_word' id='word_1_116' title='bbox 694 2821 753 2884; x_wconf 91' lang='lat' dir='ltr'>per</span> <span class='ocrx_word' id='word_1_117' title='bbox 777 2801 873 2865; x_wconf 90' lang='lat' dir='ltr'>devia</span> <span class='ocrx_word' id='word_1_118' title='bbox 895 2819 971 2864; x_wconf 91' lang='lat' dir='ltr'>rura</span> <span class='ocrx_word' id='word_1_119' title='bbox 994 2800 1133 2880; x_wconf 84' lang='lat' dir='ltr'>lacerta3</span> 
     </span>
     <span class='ocr_line' id='line_1_22' title="bbox 341 2905 1241 2991; baseline -0.004 -17"><span class='ocrx_word' id='word_1_120' title='bbox 341 2908 393 2974; x_wconf 92' lang='lat' dir='ltr'>Illi</span> <span class='ocrx_word' id='word_1_121' title='bbox 416 2908 533 2973; x_wconf 91' lang='lat' dir='ltr'>eadem</span> <span class='ocrx_word' id='word_1_122' title='bbox 557 2907 698 2991; x_wconf 91' lang='lat' dir='ltr'>sumptis</span> <span class='ocrx_word' id='word_1_123' title='bbox 721 2910 888 2991; x_wconf 90' lang='lat' dir='ltr'>quaerunt</span> <span class='ocrx_word' id='word_1_124' title='bbox 911 2907 1068 2972; x_wconf 89' lang='lat' dir='ltr'>animalia</span> <span class='ocrx_word' id='word_1_125' title='bbox 1091 2905 1241 2989; x_wconf 83' lang='lat' dir='ltr'>pennis.“</span> 
     </span>
     <span class='ocr_line' id='line_1_23' title="bbox 208 3013 1268 3101; baseline -0.003 -19"><span class='ocrx_word' id='word_1_126' title='bbox 208 3018 252 3082; x_wconf 89' lang='grc'>30</span> <span class='ocrx_word' id='word_1_127' title='bbox 296 3016 341 3082; x_wconf 94' lang='lat' dir='ltr'>Ut</span> <span class='ocrx_word' id='word_1_128' title='bbox 363 3016 443 3081; x_wconf 86' lang='lat' dir='ltr'>item</span> <span class='ocrx_word' id='word_1_129' title='bbox 468 3013 731 3101; x_wconf 59' lang='lat' dir='ltr'>Quintilianust)</span> <span class='ocrx_word' id='word_1_130' title='bbox 756 3014 943 3081; x_wconf 74' lang='lat' dir='ltr'>doctissime</span> <span class='ocrx_word' id='word_1_131' title='bbox 967 3015 1084 3078; x_wconf 85' lang='lat' dir='ltr'>sentit:</span> <span class='ocrx_word' id='word_1_132' title='bbox 1119 3013 1268 3094; x_wconf 88' lang='lat' dir='ltr'>„Natura</span> 
     </span>
     <span class='ocr_line' id='line_1_24' title="bbox 296 3121 1268 3205; baseline -0.002 -18"><span class='ocrx_word' id='word_1_133' title='bbox 296 3121 501 3188; x_wconf 85' lang='lat' dir='ltr'>tenacissimi</span> <span class='ocrx_word' id='word_1_134' title='bbox 535 3143 650 3188; x_wconf 89' lang='lat' dir='ltr'>sumus</span> <span class='ocrx_word' id='word_1_135' title='bbox 685 3143 816 3202; x_wconf 86' lang='lat' dir='ltr'>eorum,</span> <span class='ocrx_word' id='word_1_136' title='bbox 851 3142 938 3205; x_wconf 88' lang='lat' dir='ltr'>quae</span> <span class='ocrx_word' id='word_1_137' title='bbox 973 3121 1112 3187; x_wconf 90' lang='lat' dir='ltr'>rudibus</span> <span class='ocrx_word' id='word_1_138' title='bbox 1146 3121 1268 3186; x_wconf 89' lang='lat' dir='ltr'>animis</span> 
     </span>
     <span class='ocr_line' id='line_1_25' title="bbox 296 3229 1269 3314; baseline -0.003 -19"><span class='ocrx_word' id='word_1_139' title='bbox 296 3231 515 3314; x_wconf 70' lang='lat' dir='ltr'>percepimus</span> <span class='ocrx_word' id='word_1_140' title='bbox 539 3232 578 3295; x_wconf 89' lang='lat' dir='ltr'>ut</span> <span class='ocrx_word' id='word_1_141' title='bbox 593 3249 701 3313; x_wconf 84' lang='lat' dir='ltr'>sapor,</span> <span class='ocrx_word' id='word_1_142' title='bbox 725 3249 791 3312; x_wconf 88' lang='lat' dir='ltr'>quo</span> <span class='ocrx_word' id='word_1_143' title='bbox 813 3249 899 3294; x_wconf 88' lang='lat' dir='ltr'>nova</span> <span class='ocrx_word' id='word_1_144' title='bbox 919 3229 1061 3303; x_wconf 85' lang='lat' dir='ltr'>imbuas,</span> <span class='ocrx_word' id='word_1_145' title='bbox 1086 3229 1184 3293; x_wconf 88' lang='lat' dir='ltr'>durat</span> <span class='ocrx_word' id='word_1_146' title='bbox 1208 3247 1269 3292; x_wconf 89' lang='lat' dir='ltr'>nec</span> 
     </span>
     <span class='ocr_line' id='line_1_26' title="bbox 297 3334 1269 3420; baseline -0.004 -18"><span class='ocrx_word' id='word_1_147' title='bbox 297 3337 448 3402; x_wconf 88' lang='lat' dir='ltr'>lanarum</span> <span class='ocrx_word' id='word_1_148' title='bbox 465 3337 602 3417; x_wconf 80' lang='lat' dir='ltr'>colores,</span> <span class='ocrx_word' id='word_1_149' title='bbox 627 3335 749 3420; x_wconf 90' lang='lat' dir='ltr'>quibus</span> <span class='ocrx_word' id='word_1_150' title='bbox 767 3335 906 3417; x_wconf 85' lang='lat' dir='ltr'>simplex</span> <span class='ocrx_word' id='word_1_151' title='bbox 917 3334 972 3400; x_wconf 92' lang='lat' dir='ltr'>ille</span> <span class='ocrx_word' id='word_1_152' title='bbox 985 3335 1108 3400; x_wconf 91' lang='lat' dir='ltr'>candor</span> <span class='ocrx_word' id='word_1_153' title='bbox 1121 3337 1269 3399; x_wconf 89' lang='lat' dir='ltr'>mutatus</span> 
     </span>
     <span class='ocr_line' id='line_1_27' title="bbox 297 3440 1269 3526; baseline -0.003 -17"><span class='ocrx_word' id='word_1_154' title='bbox 297 3447 357 3521; x_wconf 85' lang='lat' dir='ltr'>est,</span> <span class='ocrx_word' id='word_1_155' title='bbox 382 3444 449 3508; x_wconf 92' lang='lat' dir='ltr'>elui</span> <span class='ocrx_word' id='word_1_156' title='bbox 473 3445 621 3526; x_wconf 86' lang='lat' dir='ltr'>possunt.</span> <span class='ocrx_word' id='word_1_157' title='bbox 655 3444 697 3508; x_wconf 88' lang='lat' dir='ltr'>Et</span> <span class='ocrx_word' id='word_1_158' title='bbox 720 3444 802 3508; x_wconf 89' lang='lat' dir='ltr'>haec</span> <span class='ocrx_word' id='word_1_159' title='bbox 824 3444 899 3525; x_wconf 89' lang='lat' dir='ltr'>ipsa</span> <span class='ocrx_word' id='word_1_160' title='bbox 922 3441 1026 3525; x_wconf 85' lang='lat' dir='ltr'>magis</span> <span class='ocrx_word' id='word_1_161' title='bbox 1050 3440 1269 3524; x_wconf 82' lang='lat' dir='ltr'>pertinaciter</span> 
     </span>
     <span class='ocr_line' id='line_1_28' title="bbox 210 3548 1269 3634; baseline -0.005 -17"><span class='ocrx_word' id='word_1_162' title='bbox 210 3553 251 3618; x_wconf 88' lang='grc'>35</span> <span class='ocrx_word' id='word_1_163' title='bbox 297 3552 446 3629; x_wconf 88' lang='lat' dir='ltr'>haerent,</span> <span class='ocrx_word' id='word_1_164' title='bbox 471 3571 557 3634; x_wconf 89' lang='lat' dir='ltr'>quae</span> <span class='ocrx_word' id='word_1_165' title='bbox 583 3551 748 3617; x_wconf 87' lang='lat' dir='ltr'>deteriora</span> <span class='ocrx_word' id='word_1_166' title='bbox 771 3554 859 3629; x_wconf 86' lang='lat' dir='ltr'>sunt,</span> <span class='ocrx_word' id='word_1_167' title='bbox 884 3570 960 3614; x_wconf 90' lang='lat' dir='ltr'>nam</span> <span class='ocrx_word' id='word_1_168' title='bbox 981 3550 1069 3614; x_wconf 90' lang='lat' dir='ltr'>bona</span> <span class='ocrx_word' id='word_1_169' title='bbox 1085 3548 1180 3613; x_wconf 90' lang='lat' dir='ltr'>facile</span> <span class='ocrx_word' id='word_1_170' title='bbox 1196 3567 1269 3613; x_wconf 90' lang='lat' dir='ltr'>mu-</span> 
     </span>
     <span class='ocr_line' id='line_1_29' title="bbox 297 3656 1270 3740; baseline -0.003 -16"><span class='ocrx_word' id='word_1_171' title='bbox 297 3661 411 3724; x_wconf 87' lang='lat' dir='ltr'>tantur</span> <span class='ocrx_word' id='word_1_172' title='bbox 439 3657 475 3722; x_wconf 94' lang='lat' dir='ltr'>in</span> <span class='ocrx_word' id='word_1_173' title='bbox 506 3659 632 3740; x_wconf 90' lang='lat' dir='ltr'>peius.“</span> <span class='ocrx_word' id='word_1_174' title='bbox 688 3658 778 3723; x_wconf 88' lang='lat' dir='ltr'>Haec</span> <span class='ocrx_word' id='word_1_175' title='bbox 810 3656 1052 3736; x_wconf 82' lang='lat' dir='ltr'>Quintilianus,</span> <span class='ocrx_word' id='word_1_176' title='bbox 1088 3656 1141 3719; x_wconf 92' lang='lat' dir='ltr'>cui</span> <span class='ocrx_word' id='word_1_177' title='bbox 1172 3657 1270 3721; x_wconf 89' lang='lat' dir='ltr'>dirus</span> 
     </span>
     <span class='ocr_line' id='line_1_30' title="bbox 299 3762 1269 3851; baseline -0.003 -21"><span class='ocrx_word' id='word_1_178' title='bbox 299 3765 520 3848; x_wconf 84' lang='lat' dir='ltr'>Hieronymus</span> <span class='ocrx_word' id='word_1_179' title='bbox 528 3764 555 3851; x_wconf 78' lang='lat'>⁵)</span> <span class='ocrx_word' id='word_1_180' title='bbox 572 3765 749 3830; x_wconf 89' lang='lat' dir='ltr'>subscribit</span> <span class='ocrx_word' id='word_1_181' title='bbox 765 3764 892 3830; x_wconf 90' lang='lat' dir='ltr'>dicens:</span> <span class='ocrx_word' id='word_1_182' title='bbox 912 3763 1117 3844; x_wconf 84' lang='lat' dir='ltr'>„Difficulter</span> <span class='ocrx_word' id='word_1_183' title='bbox 1133 3762 1269 3842; x_wconf 86' lang='lat' dir='ltr'>raditur,</span> 
     </span>
     <span class='ocr_line' id='line_1_31' title="bbox 298 3870 1272 3956; baseline -0.002 -19"><span class='ocrx_word' id='word_1_184' title='bbox 298 3874 389 3956; x_wconf 92' lang='lat' dir='ltr'>quod</span> <span class='ocrx_word' id='word_1_185' title='bbox 414 3874 514 3938; x_wconf 87' lang='lat' dir='ltr'>rudes</span> <span class='ocrx_word' id='word_1_186' title='bbox 537 3872 640 3937; x_wconf 93' lang='lat' dir='ltr'>animi</span> <span class='ocrx_word' id='word_1_187' title='bbox 665 3871 891 3954; x_wconf 85' lang='lat' dir='ltr'>perbiberunt.</span> <span class='ocrx_word' id='word_1_188' title='bbox 918 3871 1086 3936; x_wconf 88' lang='lat' dir='ltr'>Lanarum</span> <span class='ocrx_word' id='word_1_189' title='bbox 1108 3870 1272 3935; x_wconf 88' lang='lat' dir='ltr'>conchilia</span> 
     </span>
     <span class='ocr_line' id='line_1_32' title="bbox 298 3979 1271 4063; baseline -0.002 -18"><span class='ocrx_word' id='word_1_190' title='bbox 298 3981 374 4063; x_wconf 89' lang='lat' dir='ltr'>quis</span> <span class='ocrx_word' id='word_1_191' title='bbox 397 3980 432 4045; x_wconf 93' lang='lat' dir='ltr'>in</span> <span class='ocrx_word' id='word_1_192' title='bbox 454 3979 634 4062; x_wconf 87' lang='lat' dir='ltr'>pristinum</span> <span class='ocrx_word' id='word_1_193' title='bbox 658 3980 800 4046; x_wconf 84' lang='lat' dir='ltr'>colorem</span> <span class='ocrx_word' id='word_1_194' title='bbox 829 3979 987 4045; x_wconf 81' lang='lat' dir='ltr'>revocet?</span> <span class='ocrx_word' id='word_1_195' title='bbox 1023 3979 1154 4043; x_wconf 88' lang='lat' dir='ltr'>Recens</span> <span class='ocrx_word' id='word_1_196' title='bbox 1182 3980 1271 4043; x_wconf 87' lang='lat' dir='ltr'>testa</span> 
     </span>
     <span class='ocr_line' id='line_1_33' title="bbox 209 4084 1270 4169; baseline -0.003 -17"><span class='ocrx_word' id='word_1_197' title='bbox 209 4089 254 4152; x_wconf 77' lang='lat' dir='ltr'>dt)</span> <span class='ocrx_word' id='word_1_198' title='bbox 299 4087 356 4152; x_wconf 92' lang='lat' dir='ltr'>diu</span> <span class='ocrx_word' id='word_1_199' title='bbox 380 4090 414 4151; x_wconf 93' lang='lat' dir='ltr'>et</span> <span class='ocrx_word' id='word_1_200' title='bbox 436 4107 589 4169; x_wconf 89' lang='lat' dir='ltr'>saporem</span> <span class='ocrx_word' id='word_1_201' title='bbox 618 4086 741 4153; x_wconf 91' lang='lat' dir='ltr'>retinet</span> <span class='ocrx_word' id='word_1_202' title='bbox 769 4090 802 4151; x_wconf 92' lang='lat' dir='ltr'>et</span> <span class='ocrx_word' id='word_1_203' title='bbox 833 4087 988 4167; x_wconf 89' lang='lat' dir='ltr'>odorem,</span> <span class='ocrx_word' id='word_1_204' title='bbox 1027 4105 1093 4169; x_wconf 89' lang='lat' dir='ltr'>quo</span> <span class='ocrx_word' id='word_1_205' title='bbox 1124 4084 1270 4167; x_wconf 92' lang='lat' dir='ltr'>primum</span> 
     </span>
     <span class='ocr_line' id='line_1_34' title="bbox 298 4190 1272 4278; baseline -0.003 -19"><span class='ocrx_word' id='word_1_206' title='bbox 298 4194 428 4260; x_wconf 87' lang='lat' dir='ltr'>imbuta</span> <span class='ocrx_word' id='word_1_207' title='bbox 451 4198 532 4260; x_wconf 87' lang='lat' dir='ltr'>est.“</span> <span class='ocrx_word' id='word_1_208' title='bbox 581 4194 795 4278; x_wconf 88' lang='lat' dir='ltr'>Quapropter</span> <span class='ocrx_word' id='word_1_209' title='bbox 825 4192 974 4278; x_wconf 89' lang='lat' dir='ltr'>quisquis</span> <span class='ocrx_word' id='word_1_210' title='bbox 998 4213 1048 4275; x_wconf 82' lang='lat' dir='ltr'>ea,</span> <span class='ocrx_word' id='word_1_211' title='bbox 1078 4190 1137 4277; x_wconf 90' lang='lat' dir='ltr'>qui</span> <span class='ocrx_word' id='word_1_212' title='bbox 1165 4191 1272 4257; x_wconf 87' lang='lat' dir='ltr'>fllium</span> 
     </span>
    </p>
   </div>
   <div class='ocr_carea' id='block_1_5' title="bbox 0 0 1325 4718">
    <p class='ocr_par' dir='ltr' id='par_1_8' title="bbox 0 0 1325 4718">
     <span class='ocr_line' id='line_1_35' title="bbox 0 0 1325 4718; baseline 0 0"><span class='ocrx_word' id='word_1_213' title='bbox 0 0 1325 4718; x_wconf 95' lang='lat' dir='ltr'> </span> 
     </span>
    </p>
   </div>
  </div>
 </body>
</html>
