2632 4718
473 711 717 777 -109-

119 889 241 955 Iustus
265 908 301 954 es
325 891 361 955 et
383 889 544 973 prudens,
568 890 694 973 populo
718 890 917 955 venerabilis
941 890 1043 972 omni,

168 996 220 1060 Te
243 995 341 1079 plebs
365 998 467 1078 alque
490 998 602 1077 patres
626 996 872 1080 sacricolaeque
896 998 1019 1062 colunt.

74 1104 95 1166 5
121 1101 314 1185 Exsuperat
337 1104 477 1167 cunctas
499 1105 557 1168 tua
580 1101 826 1186 magnificentia
849 1103 974 1182 laudes,

169 1208 246 1286 Qua
269 1209 388 1274 merito
410 1208 537 1292 priscus
562 1209 697 1292 poneris
721 1213 798 1274 ante
821 1210 921 1275 viros.

123 1315 225 1379 Unde
249 1315 340 1380 dedit
363 1316 530 1398 quondam
554 1317 662 1381 lautas
686 1316 720 1381 in
744 1316 901 1399 Apolline
926 1337 1027 1382 cenas

171 1421 333 1487 Lucullus
357 1422 497 1502 Romae,
521 1423 662 1488 Pontica
684 1423 810 1505 praeda
833 1422 906 1488 luit.

126 1528 268 1593 Publica
291 1529 432 1612 diripuit
455 1529 568 1594 fractis
592 1529 721 1594 aeraria
745 1529 897 1595 claustris

62 1636 101 1699 10
172 1635 297 1700 Caesar
320 1638 354 1699 et
377 1635 456 1700 inde
479 1635 549 1700 suis
573 1656 675 1700 aurea
700 1636 788 1700 dona
811 1637 912 1701 dedit.

125 1739 321 1823 Exspoliala
344 1741 421 1806 tulit
444 1742 584 1807 celebris
607 1741 778 1824 provincia
802 1742 909 1823 iudae,

172 1846 257 1912 Cum
280 1851 412 1932 peteret
434 1847 579 1913 tumidas
602 1848 799 1914 ambitiosus
822 1869 914 1933 opes.

127 1954 195 2018 Sed
219 1953 280 2018 libi
301 1954 512 2038 proveniunt.
538 1975 624 2038 quae
648 1956 762 2030 donas
787 1954 899 2020 omnia
922 1955 1019 2034 iuste,

172 2060 339 2143 Sanguine
363 2063 443 2125 sunt
466 2060 559 2126 nullo
583 2080 722 2125 munera
745 2064 843 2143 parta
866 2064 933 2125 tua.

63 2170 101 2231 15
127 2166 373 2250 Suppeditante
397 2167 460 2232 dee
482 2168 609 2250 passim
632 2165 799 2231 succurris
824 2168 946 2249 egenis,

172 2272 217 2337 Es
240 2272 372 2340 miseris
396 2276 520 2338 certam
544 2273 630 2338 ferre
653 2277 791 2357 paratus
815 2292 922 2355 opem.

128 2380 296 2445 Vestitum
321 2381 422 2458 nudo,
446 2379 572 2445 sitienti
595 2381 715 2464 pocula
738 2382 879 2461 praebes

173 2486 215 2550 Et
238 2488 371 2552 saturas
395 2487 502 2570 epulis
526 2487 651 2568 pallida
675 2488 825 2551 membra
848 2487 945 2552 lame.

128 2591 183 2657 Sic
207 2593 328 2658 emitur
351 2593 490 2671 coelum,
515 2612 654 2675 superas
678 2594 725 2657 sic
750 2594 816 2657 itur
840 2595 882 2657 ad
907 2613 1009 2672 arces,

58 2701 104 2763 20
174 2699 337 2783 Pauperis
360 2699 395 2764 in
419 2700 529 2783 specie
555 2720 693 2764 munera
718 2699 871 2763 Christus
896 2701 1006 2764 habel.

128 2805 224 2870 Sicut
246 2825 334 2889 aqua
357 2808 511 2896 flammae
535 2805 666 2871 ferrens
690 2806 910 2887 exstinguitur
934 2807 1042 2884 arder,

173 2912 320 2978 Crimina
343 2913 497 2977 delentur
520 2933 580 2995 per
603 2912 736 2997 pictatis
760 2932 854 2995 opus.

128 3018 312 3100 Splendida
336 3021 395 3085 das
419 3019 533 3084 nitidis
557 3020 656 3084 etiam
680 3018 829 3083 convivia
854 3019 989 3097 mensis,

172 3126 265 3203 Quae
288 3125 379 3190 iocus
403 3126 568 3190 exhilarat
591 3125 825 3207 candidulique
850 3126 945 3202 sales,

59 3234 103 3296 25
129 3233 197 3297 Sed
242 3233 359 3315 procul
383 3234 491 3298 omnis
515 3233 610 3297 abest
632 3232 828 3295 inlroneslac
852 3252 957 3311 ganeo
981 3233 1077 3311 ritae,

172 3339 282 3422 Iurgia
306 3361 373 3405 non
397 3339 472 3404 istic
495 3340 632 3405 foedare
656 3340 778 3422 probra
802 3342 933 3416 sonant,

127 3446 197 3510 Nec
221 3448 342 3511 misero
366 3446 504 3529 cupidas
528 3466 680 3511 sermone
704 3449 855 3509 susurrat
878 3447 920 3509 ad
945 3465 1044 3509 alnes

173 3553 277 3637 Impia
301 3555 469 3619 detractor
492 3575 572 3619 roce
595 3573 724 3618 venena
747 3572 873 3616 serens,

127 3660 244 3725 Cesset
266 3662 355 3726 fama
378 3661 500 3743 loquax
524 3661 669 3724 Saliares
694 3659 803 3724 dicere
828 3679 936 3734 cenas,

58 3767 104 3830 30
173 3767 372 3832 Pontificum
397 3770 506 3831 cesset
531 3767 649 3830 tollere
674 3765 709 3829 in
734 3767 824 3830 astra
848 3766 962 3846 dapes,

128 3872 198 3936 Nec
221 3873 337 3938 laudet
359 3875 499 3955 posthac
522 3873 648 3936 Antoni
672 3872 823 3955 prandia,
848 3871 1001 3953 quamvis

173 3979 258 4046 Unio
283 3979 451 4064 1·eginae2)
477 3979 661 4043 nobilitarit
685 3999 739 4058 ea3

128 4084 204 4149 Istis
228 4085 449 4169 praetulerint
473 4085 621 4149 cenriria
646 4085 737 4149 nulla
761 4087 888 4167 poetae,

173 4193 350 4274 Pegasides
375 4193 537 4274 cuperent
561 4191 626 4255 ista
650 4190 761 4256 ridere
787 4211 915 4254 norem.
