2632 4718
367 970 497 1042 Index
519 970 695 1060 capitum
717 969 808 1042 libri
830 968 959 1041 huius.

124 1151 191 1220 Cap.
211 1151 232 1209 Ι.
251 1150 329 1216 Quod
348 1154 490 1220 parentum
509 1154 558 1214 est,
577 1149 674 1203 liberos
694 1150 836 1220 diligenter
854 1151 1016 1220 honesteque
1035 1151 1146 1205 educare
1168 1158 1195 1207 et

251 1241 332 1295 bonis
352 1240 471 1293 moribus
490 1240 638 1296 instituere.

196 1329 232 1387 ll.
251 1329 330 1395 Quod
348 1330 426 1398 pueri
445 1327 551 1382 scholae
570 1328 739 1398 mancipandi
758 1332 784 1381 et
802 1345 818 1381 a
835 1332 928 1382 tenera
939 1333 1025 1382 aetate
1038 1330 1194 1384 Instituendi

252 1424 325 1473 sunt.

186 1509 235 1563 111.
255 1509 295 1563 De
314 1509 365 1572 his,
384 1523 453 1577 quae
471 1507 592 1561 studioso
612 1507 770 1561 scholastico
789 1509 939 1561 necessaria
958 1512 1029 1561 sunt.

188 1598 237 1652 lV.
256 1599 296 1652 De
315 1598 442 1652 scientiae
460 1597 605 1666 cupiditate
624 1597 811 1666 comparanda.

201 1687 234 1743 V.
252 1686 330 1752 Quod
349 1687 478 1750 homines,
501 1687 683 1755 cuiuscunque
700 1686 861 1740 conditionis
881 1688 943 1751 sint,
969 1687 1069 1740 discere
1088 1688 1194 1743 debent.

179 1776 229 1832 VI.
248 1776 336 1846 Super
352 1776 519 1846 ingeniorum
538 1776 673 1832 varietate.

168 1865 231 1919 Vll.
251 1866 290 1919 De
309 1866 434 1918 memoria
451 1865 548 1922 tenaci.

152 1954 228 2008 Vlll.
248 1953 325 2019 Quod
345 1955 414 2008 bona
433 1953 557 2007 valetudo
576 1953 683 2007 studere
700 1953 800 2007 volenti
818 1955 969 2008 necessaria
988 1963 1037 2008 est.

179 2043 230 2097 IX.
250 2042 328 2107 Quod
346 2042 485 2096 mediocris
504 2042 616 2096 facultas
635 2042 792 2096 scholastico
812 2044 912 2111 optima
931 2047 979 2100 est.

188 2132 225 2188 X.
245 2131 470 2196 Quemadmodum
498 2132 584 2196 dives,
611 2147 715 2202 pauper
745 2135 772 2185 et
798 2132 876 2202 inops
906 2133 1080 2186 scholasticus
1109 2134 1194 2187 rivere

242 2221 345 2274 debeat.

174 2308 227 2363 XI.
247 2309 285 2362 De
304 2309 404 2378 duplici
423 2308 505 2363 studii
525 2309 590 2366 loco.

159 2398 225 2452 XII.
245 2399 284 2452 De
302 2399 429 2467 temporis
448 2399 511 2454 otio.

143 2487 222 2544 XIII.
244 2487 282 2540 De
301 2487 401 2555 duplici
421 2489 484 2541 otio.

144 2577 222 2630 XIV.
241 2576 317 2641 Quod
336 2577 440 2630 animus
459 2577 573 2630 studiosi
591 2578 753 2646 compositus
773 2593 831 2630 esse
851 2577 929 2631 debet
948 2582 974 2631 et
992 2594 1111 2632 securus.

158 2666 221 2722 XV.
242 2665 460 2719 ProbatissImum
479 2672 676 2735 praeceptorem
696 2667 865 2736 deligendum
884 2683 950 2723 esse.

146 2754 223 2808 XVI.
243 2753 336 2818 Qualis
354 2755 390 2808 sit
408 2755 494 2808 bonus
512 2761 669 2824 praeceptor
687 2759 714 2808 et
732 2771 800 2824 quae
818 2757 873 2809 sint
891 2757 947 2809 eius
966 2756 1060 2810 officia.

134 2843 225 2897 XVII.
245 2843 374 2897 Probatos
393 2844 535 2913 magistros
555 2844 595 2897 vel
614 2844 748 2897 laborioso
768 2846 862 2898 itinere
881 2846 1053 2914 requirendos
1073 2860 1140 2899 esse.

125 2933 228 2988 XVIII.
250 2933 353 2986 Vanam
377 2948 436 2986 esse
459 2948 550 2986 eorum
574 2934 734 3002 opinionem,
762 2934 807 3002 qui
826 2935 924 2987 liberos
951 2936 980 2988 in
1003 2935 1099 2988 celebri
1128 2936 1193 2989 urbe

243 3026 331 3086 natos,
356 3022 403 3074 ubi
426 3021 573 3075 litterarum
592 3023 681 3076 studia
704 3024 802 3092 vigent,
826 3023 878 3076 olio
902 3039 982 3077 causa
1006 3024 1112 3076 maioris
1135 3040 1194 3094 pro·

243 3110 329 3164 fectus
348 3111 541 3168 transmittunt.

143 3199 222 3256 XIX.
241 3198 315 3263 Quae
333 3200 388 3253 sint
408 3200 532 3269 discipuli
551 3216 614 3270 erga
631 3204 828 3270 praeceptorem
848 3201 944 3257 officia.

161 3287 226 3344 XX.
246 3287 344 3352 Quales
363 3288 446 3341 libros
465 3289 639 3342 scholasticus
659 3289 755 3343 babere
774 3290 878 3343 debeat.

152 3377 230 3432 XXI.
249 3376 383 3441 Quantum
402 3378 502 3431 homini
521 3380 606 3447 prosit
623 3379 803 3432 studiosorum
823 3379 995 3436 consuetudo.

135 3466 227 3523 XXII.
247 3466 285 3519 De
304 3467 452 3520 studiorum
471 3467 563 3520 ordIne
582 3472 609 3521 et
626 3467 687 3520 fine.

125 3555 230 3612 XXIII.
249 3553 325 3619 Quod
352 3555 486 3609 interdum
513 3556 601 3608 studio
629 3557 779 3610 intermisso
808 3557 927 3610 honestis
955 3558 1059 3612 lusibus
1088 3560 1192 3613 animus

245 3643 404 3697 relaxandus
424 3647 472 3697 est.

126 3731 231 3786 XXIV.
249 3731 325 3796 Quod
349 3732 439 3786 studia
461 3734 669 3799 intermittenda,
695 3751 750 3789 non
772 3739 860 3788 antem
884 3736 1037 3801 omIttenda,
1060 3737 1107 3790 sed
1131 3737 1192 3791 dum

247 3823 368 3887 ririrnus,
387 3825 573 3892 prosequenda
590 3827 661 3880 sunt.

505 4113 512 4118 -
529 4113 565 4119 —.
580 4114 584 4120 .
613 4113 821 4122 .....—..-----.
