2632 4718
64 864 129 927 tim
153 864 285 940 dedico,
311 863 353 926 de
377 861 473 927 cuius
497 861 686 927 incredibili
702 862 825 926 virtute
850 882 888 927 ac
913 861 1047 943 pietate,
1071 863 1139 928 elo-

65 969 210 1051 quentia
246 988 352 1051 prope
381 968 535 1033 Tulliana
565 975 598 1033 et
626 969 827 1050 optimarum
861 969 986 1033 artium
1020 970 1140 1051 peritia

65 1075 247 1156 singulari,
276 1075 367 1159 quod
389 1075 568 1140 Sallustius
578 1073 607 1159 2)
635 1076 676 1139 de
700 1074 902 1158 Carthagine
926 1076 989 1154 ait,
1024 1075 1140 1153 ,silere

66 1181 190 1246 melius
212 1184 313 1262 puto,
337 1200 438 1264 quam
463 1200 581 1264 parum
606 1180 750 1258 dicere“,
781 1201 859 1245 nam
887 1183 926 1245 ut
949 1181 1039 1264 apud
1063 1181 1141 1244 Gel-

65 1286 188 1370 lium-³)
225 1286 410 1352 Favorinus
458 1288 677 1368 philosophus
729 1290 914 1370 prudenter
964 1287 1140 1365 existimat,

69 1392 225 1474 ,turpius
262 1396 314 1457 est
338 1393 455 1474 exigue
480 1397 581 1476 atque
618 1395 736 1476 frigide
773 1393 919 1472 laudari,
959 1414 1060 1477 quam
1090 1393 1141 1457 in-

67 1502 242 1564 sectanter
265 1503 294 1564 ct
321 1498 463 1582 graviter
491 1500 708 1583 vituperari“.
763 1501 830 1566 Sed
865 1521 906 1566 ne
936 1501 1011 1583 quis
1047 1500 1141 1565 nobis

68 1608 153 1671 ritio
176 1608 295 1682 vertat,
320 1607 410 1688 quod
426 1605 612 1685 Aristaeoq
637 1607 746 1688 mella,
766 1607 898 1671 Baccho
923 1608 1009 1685 vina,
1032 1607 1142 1688 fruges

67 1711 324 1795 Triptolemon,
348 1730 448 1794 poma
475 1714 554 1777 dare
583 1711 762 1796 Alcinooi)
790 1713 982 1792 videamur,
1012 1712 1141 1778 consilii

69 1820 179 1883 nostri
197 1818 284 1884 ratio
298 1820 346 1883 sic
363 1821 414 1882 est
432 1819 626 1899 detegenda.
656 1819 733 1884 Non
748 1840 786 1885 ea
800 1840 873 1884 sum
886 1820 938 1883 vel
956 1819 1143 1883 temeritate

71 1925 127 1990 rel
160 1923 363 2008 arrogantia,
395 1928 431 1989 ut
456 1924 624 2008 Langium,
653 1925 804 2008 poeticae
835 1925 1001 1991 facultatis
1025 1925 1144 1990 cultio-

70 2051 216 2114 rumque
240 2032 427 2097 litterarum
450 2031 547 2097 facile
570 2032 772 2115 principem,
802 2032 885 2097 meis
909 2031 1047 2096 incultis
1070 2051 1143 2096 ver-

70 2139 194 2204 siculis
218 2139 429 2204 oblectatum
446 2139 487 2202 iri
511 2158 660 2221 unquam
683 2139 763 2204 mihi
788 2138 1028 2221 persuaserim3
1060 2159 1144 2220 quos

73 2246 104 2309 si
130 2244 312 2309 trivialium
338 2246 490 2309 ludorum
515 2244 675 2327 magistri,
699 2245 868 2310 aGraecis
885 2244 1144 2328 grammatistae‚

72 2374 92 2416 a
125 2351 296 2415 veteribus
324 2351 486 2416 Romanis
519 2351 719 2417 litteratores
751 2352 877 2429 vocati,
913 2372 980 2415 non
1009 2352 1144 2415 omnino

73 2458 251 2534 irriserint,
277 2457 497 2539 culpaverint,
522 2459 746 2536 traduxerint,
771 2459 858 2523 bene
882 2478 1011 2523 meeum
1035 2460 1144 2522 actum

72 2564 285 2629 crediderim.
337 2565 479 2641 Verum,
513 2567 549 2628 ut
585 2565 627 2629 ad
663 2569 694 2628 le
730 2569 893 2644 revertar,
929 2565 979 2628 vir
1015 2565 1145 2647 piorum

75 2671 270 2735 doctissime
295 2674 327 2735 et
351 2673 524 2736 doctorum
552 2671 778 2754 pientissimo,
810 2672 934 2736 idcireo
965 2673 1048 2735 haec
1072 2691 1146 2734 mea

74 2778 118 2842 ad
143 2781 176 2841 te
202 2778 298 2842 millo
322 2776 481 2858 elegidia,
511 2778 547 2840 ut
575 2797 635 2859 pro
660 2777 764 2842 veteri
797 2777 853 2842 illa
881 2783 939 2842 tna
969 2797 1046 2858 erga
1075 2777 1146 2839 stu-

76 2885 191 2949 diosos
226 2903 343 2948 omnes
379 2884 605 2960 humanitate,
646 2905 721 2948 cum
758 2885 842 2948 forto
881 2884 1065 2959 vacaverit,
1105 2883 1145 2946 ad

76 2993 192 3057 limam
228 3009 268 3054 ea
302 2993 475 3072 tamquam
511 2990 595 3053 alter
629 2991 856 3067 Quintilianus
892 2991 1054 3055 acerrimo
1089 2992 1147 3052 tuo

77 3099 201 3163 iudicio
230 3117 365 3162 revoces
399 3101 432 3162 et
463 3095 638 3161 miniatula
666 3117 741 3162 cera
771 3096 851 3162 locis
875 3097 955 3161 vilio
987 3094 1146 3177 insignio-

78 3206 172 3270 ribus
201 3206 314 3281 noteS,
351 3223 438 3286 quae
468 3223 584 3267 vereor
612 3224 654 3267 ne
682 3205 782 3268 nimis
817 3204 1006 3286 frequentia
1035 3202 1148 3267 ocula-

77 3311 208 3376 tissimo
231 3313 290 3374 tuo
315 3308 510 3390 conspectui
541 3329 576 3373 se
606 3309 755 3374 offerant.
804 3313 870 3375 Sed
902 3314 1072 3391 utcunque
1096 3329 1149 3372 res

79 3417 159 3485 erit.
190 3417 248 3481 illa
276 3417 429 3488 adnotes
467 3435 544 3497 rogo
574 3417 791 3499 obsecroque.
843 3419 893 3481 lta
928 3417 1016 3481 enim
1047 3415 1149 3496 magis

79 3525 227 3602 credam,
253 3527 290 3587 ut
308 3521 408 3587 Plinii
425 3521 566 3586 iunioris
577 3520 602 3601 ⁷)
620 3523 731 3587 verbis
748 3527 833 3594 utar,
858 3528 970 3588 cetera
994 3523 1053 3587 tibi
1078 3522 1150 3604 pla-

80 3651 167 3707 eere,
193 3630 220 3693 si
239 3630 400 3712 quaedam
419 3629 629 3711 displicuisse
651 3650 842 3712 cognovero.
881 3630 1021 3704 Dabitur
1037 3634 1150 3692 tamen

80 3757 174 3803 meae
209 3737 375 3802 iuventuti
407 3735 533 3817 aliquid
556 3735 690 3815 reniae,
724 3759 837 3820 spero,
866 3757 940 3803 cum
972 3738 1013 3801 ob
1039 3734 1151 3800 multi-

82 3845 176 3928 iugas
208 3863 305 3908 curas
337 3843 551 3925 laboresque,
584 3844 706 3924 quibus
739 3846 870 3910 animus
908 3865 1000 3909 mens
1031 3843 1151 3907 misere

85 3953 267 4017 distractus
305 3949 409 4014 Musis
450 3969 485 4012 se
531 3952 637 4013 totum
677 3953 731 4015 rix
772 3972 920 4035 unquam
958 3951 1152 4035 permittere

83 4063 205 4142 polest,
229 4061 300 4121 tum
326 4056 368 4120 ob
392 4056 454 4119 lroc
479 4055 631 4133 maxime,
657 4061 747 4140 quod
771 4059 806 4122 in
829 4080 914 4123 nora
938 4063 972 4122 et
996 4056 1153 4120 inusitata

83 4168 146 4246 sibi
170 4166 211 4231 de
236 4165 386 4230 moribus
410 4162 552 4232 materia
582 4187 648 4230 non
679 4167 725 4230 ila
750 4169 855 4232 fluant
887 4166 1012 4246 elegiae
1036 4181 1153 4245 quem-

83 4285 263 4353 admodum
294 4280 335 4343 de
364 4277 551 4358 puellarum
583 4275 753 4344 amoribus
781 4273 918 4340 ludenti.
966 4270 1064 4349 Quod
1094 4287 1154 4332 cur
