2790 4366
524 325 654 396 ...97
703 363 745 376 ..

209 507 297 571 libus
322 505 540 586 dictionariis,
564 507 654 571 velut
677 528 716 572 ex
741 507 865 590 Copiae
890 528 993 573 cornu
1016 505 1166 592 petituri,

207 613 329 677 mirum
352 633 451 695 quam
475 615 593 678 cristas
623 613 780 694 efferant,
809 617 846 678 ut
878 613 962 678 nihil
998 619 1049 679 est
1073 635 1166 681 arro-

206 719 340 799 gantius
364 719 538 800 imperitia.
586 719 645 782 Isti
670 723 764 798 sunt,
788 721 844 801 qui
868 723 1091 786 contemnunt
1115 721 1166 786 di·

208 843 286 886 vum
322 824 563 906 Hieronymum
598 829 635 890 ut
671 826 942 906 grammatisten,
981 826 1060 907 quia
1099 847 1166 892 non

119 930 160 992 15
208 929 403 1010 intelligant.
464 930 522 994 Isti
558 930 717 1006 Graecas,
754 931 956 1007 hebraicas,
995 932 1097 996 immo
1132 936 1167 997 et

210 1035 347 1098 Latinas
381 1034 492 1100 rident
527 1036 653 1100 litteras
684 1038 731 1110 et,
766 1055 840 1100 cunr
871 1035 938 1101 sint
966 1037 1084 1118 quovis
1107 1057 1165 1103 sue

208 1140 411 1222 stupidiores
440 1161 478 1205 ac
509 1161 551 1205 ne
581 1161 682 1204 sensu
706 1141 844 1224 quidem
872 1142 1041 1206 communi
1068 1162 1166 1224 prae·

209 1245 286 1323 diti,
321 1249 442 1328 putant
478 1267 513 1310 so
549 1245 652 1310 totius
687 1267 796 1310 arcem
831 1250 946 1312 tenere
968 1249 1164 1330 sapientiae.

209 1351 357 1415 Censent
380 1371 514 1430 omneS,
547 1353 722 1427 damnant,
746 1353 978 1434 pronuntiant,
1003 1353 1083 1418 nihil
1108 1355 1166 1418 ad-

119 1459 162 1521 20
210 1457 377 1535 dubitant,
403 1477 570 1538 nusquam
596 1459 751 1532 haerent,
787 1459 870 1522 nihil
892 1459 1068 1525 ,nesciunt
1123 1459 1166 1523 Et

209 1565 320 1627 tamen
345 1563 398 1626 isti
424 1564 490 1628 duo
515 1565 627 1627 tresve
652 1583 788 1644 magnas
812 1583 1052 1646 saepenumero
1076 1584 1167 1629 com-

208 1671 343 1731 movent
378 1668 574 1748 tragoedias.
629 1668 716 1746 Quid
748 1668 836 1731 enim
872 1671 923 1732 est
950 1669 1082 1733 inscitia
1112 1671 1166 1734 rel

211 1775 440 1855 impudentius
471 1775 523 1838 vel
556 1774 784 1857 pertinacius?
830 1774 873 1838 Hi
904 1794 1023 1856 magno
1054 1775 1167 1839 studio

211 1881 405 1961 conspirant
429 1879 464 1944 in
487 1881 592 1945 bonas
617 1880 756 1944 litteras.
804 1879 965 1944 Ambiunt
988 1880 1023 1943 in
1046 1882 1167 1945 senatu

122 1987 162 2049 25
210 1985 439 2067 theologorum
470 1985 597 2067 aliquid
622 2005 696 2048 esse
728 1988 760 2048 et
784 1987 956 2064 verentur,
981 2005 1036 2064 ne,
1061 1986 1089 2049 si
1113 2006 1166 2050 re-

209 2093 387 2155 nascantur
410 2091 517 2156 bonae
542 2091 671 2154 litterae
700 2090 784 2154 etsi
811 2091 986 2172 resipiscat
1010 2090 1165 2170 mundus,

209 2195 385 2260 rideantur
419 2196 502 2260 nihil
533 2196 650 2271 scisse,
686 2195 743 2277 qui
777 2197 918 2259 antehac
951 2197 1049 2276 vulgo
1081 2195 1165 2260 nihil

208 2302 337 2365 nescire
371 2301 581 2366 ridebantur.
629 2291 869 2364 Horumkunt
909 2301 955 2365 illi
992 2301 1164 2380 clamores,

208 2408 328 2472 horum
359 2406 408 2470 illi
443 2407 627 2486 tumultus‚·
658 2407 777 2470 horum
805 2405 987 2470 coniuratio
1018 2406 1053 2469 in
1076 2405 1164 2471 viros

119 2514 161 2578 30
207 2513 401 2577 melioribus
425 2513 575 2577 addictos
599 2513 727 2576 litteris

573 2774 683 2838 CXIV.

413 2914 526 2984 Idem
550 2913 603 2983 ad
625 2911 807 2981 eundem.
817 2913 840 2994 ¹)

296 3075 438 3153 Quaem,
456 3075 537 3157 quid
561 3073 751 3140 commercii
767 3072 900 3136 Christo
919 3075 952 3136 et
965 3071 1164 3139 Aristoteli?

207 3181 295 3258 Quid
326 3180 517 3264 sophisticis
553 3179 777 3263 captiunculis
812 3198 886 3242 cum
922 3182 1078 3244 aeternae
1110 3199 1163 3244 sa-

206 3288 353 3369 pientiae
388 3285 576 3368 mysteriis?
636 3285 800 3362 Quorsum
841 3287 892 3348 tot
930 3284 1165 3367 quaestionum

207 3392 408 3474 labyrinthi?
444 3393 536 3456 Inter
553 3411 636 3472 quas
652 3409 752 3472 quam
776 3390 899 3454 multae
924 3391 1002 3454 sunt
1025 3390 1164 3465 otiosae,

142 3499 161 3562 5
208 3517 309 3579 quam
333 3499 458 3563 multae
482 3496 676 3579 pestilentes
700 3495 753 3559 rel
776 3495 839 3558 hoc
864 3494 948 3578 ipso,
973 3496 1063 3576 quod
1086 3514 1165 3559 con-

205 3605 373 3669 tentiones
397 3607 430 3668 et
455 3601 591 3668 dissidia
614 3601 766 3684 pariunt!
