2632 4718
550 572 771 638 ..39-

219 749 396 815 laudabilis
420 751 528 814 estet
552 749 671 816 studiis
695 750 824 817 idonea.
858 752 1020 818 Platonici
1039 756 1072 818 et
1089 754 1193 820 Stoici

127 858 173 921 10
219 856 254 921 iu
276 856 476 938 templorum
500 858 580 923 locis
608 861 640 922 et
671 859 856 940 porticibus
887 860 1123 937 versabantur,
1156 865 1193 926 ut

218 963 377 1029 admoniti
389 964 586 1047 angustioris
600 965 779 1030 habitaculi
797 967 974 1031 sanctitate
992 967 1072 1032 nihil
1090 968 1193 1048 aliud,

219 1090 318 1154 quam
343 1071 384 1135 de
407 1071 588 1136 virtutibus
612 1073 806 1154 cogitarent.
843 1074 910 1137 Sed
934 1076 967 1138 et
989 1074 1061 1155 ipse
1087 1075 1192 1153 Plato,

219 1197 294 1244 cum
318 1181 407 1242 esset
431 1179 523 1243 dives
552 1184 586 1244 et
614 1181 705 1245 toros
730 1179 802 1244 eius
827 1181 991 1263 Diogenes
1015 1181 1112 1246 luteis
1136 1202 1194 1265 pe-

220 1285 318 1350 dibus
342 1287 570 1363 conculcaret,
602 1289 639 1351 ut
670 1290 783 1369 posset
811 1308 928 1352 uacare
953 1288 1193 1372 philosophiae,

127 1393 169 1458 15
218 1393 316 1474 elegit
334 1392 559 1467 Academiam,
582 1393 694 1457 villam
710 1394 752 1458 ab
770 1394 852 1458 urbe
869 1395 984 1476 procul
1002 1415 1068 1460 non
1085 1397 1194 1461 solum

219 1499 396 1573 desertam,
421 1500 478 1563 sed
501 1503 534 1564 et
550 1501 772 1581 pestilentem.
797 1504 834 1565 ut
852 1520 931 1565 cura
948 1503 981 1566 et
999 1502 1193 1568 assiduitate
1303 1501 1306 1506 ’

218 1713 270 1778 sui
294 1712 420 1778 nullam
445 1712 542 1777 aliam
566 1715 730 1778 sentirent
758 1714 964 1796 voluptatem
996 1715 1060 1780 nisi
1080 1736 1195 1781 earum

219 1840 341 1895 rerum,
366 1840 450 1903 quas
475 1820 651 1886 discerent.
678 1822 827 1886 Privatus
845 1825 955 1886 autem
972 1824 1074 1887 studii
1092 1823 1195 1904 locus,

125 1931 172 1995 90
219 1927 247 1993 si
271 1929 307 1993 in
331 1927 439 1992 aliena
463 1928 545 1993 urbe
570 1928 625 2001 sis,
650 1929 740 2010 apud
764 1929 903 1992 honeste
923 1929 1071 1994 viventes
1090 1933 1121 1994 et
1139 1931 1193 1995 dei

218 2036 339 2101 timore
367 2035 514 2100 imbutos
543 2035 693 2101 homines
722 2036 959 2101 conducendus
987 2039 1048 2101 est.
1096 2036 1193 2117 Nam,

219 2145 257 2208 ut
280 2143 408 2208 Seneca
431 2143 561 2218 scribit,
590 2162 657 2207 non
679 2144 809 2207 tantum
832 2143 976 2226 corpori,
1010 2144 1070 2208 sed
1094 2144 1195 2209 etiam

218 2248 368 2316 moribus
392 2250 561 2314 salubrem
585 2251 695 2315 locum
720 2251 841 2333 eligere
865 2250 1035 2315 debemus.
1069 2249 1193 2328 Quem-

219 2358 399 2423 admodum
423 2357 510 2421 inter
534 2359 678 2423 tortores
707 2358 857 2422 habitare
881 2358 1020 2435 nollem,
1056 2358 1103 2421 sic
1131 2378 1193 2422 nec

126 2466 171 2532 25
220 2466 308 2529 inter
331 2464 474 2547 popinas
499 2465 645 2547 quidem.
678 2465 716 2528 ld
741 2484 837 2546 agere
862 2465 1032 2543 debemus
1056 2467 1095 2528 ut
1118 2465 1193 2529 irri-

220 2575 369 2636 tamenta
407 2571 563 2636 vitiorum
603 2591 704 2653 quam
743 2571 933 2653 longissime
968 2571 1193 2654 proiiciamus.

221 2679 433 2744 Indurandus
457 2682 508 2742 est
532 2678 663 2743 animus
681 2682 714 2743 et
730 2678 965 2743 blandimentis
983 2679 1196 2760 voluptatum

221 2787 337 2870 procul
355 2787 608 2851 abstrahendus.
634 2785 808 2863 Quocirca,
826 2787 974 2849 studiose
991 2785 1195 2864 adolescens

222 2894 289 2958 talo
306 2893 366 2958 tibi
383 2893 639 2959 contubernium
656 2894 749 2975 elige,
767 2895 804 2956 ut
820 2892 940 2957 studiis
957 2891 1196 2973 impedimento

130 3003 176 3068 30
223 3020 296 3065 esse
320 3020 387 3064 non
411 3001 526 3083 possit.
575 3000 679 3077 Cave,
712 3020 752 3064 ne
782 2999 814 3063 iu
846 3000 987 3063 taberna
1015 2998 1196 3062 diversoria

222 3111 280 3174 aut
314 3109 405 3191 apud
436 3108 566 3172 leonem
597 3110 653 3171 aut
681 3108 716 3171 in
747 3107 825 3171 ludo
854 3106 1013 3170 aleatorio
1046 3109 1105 3169 aut
1137 3105 1195 3169 ubi

221 3219 321 3300 potus
338 3215 465 3280 venalis
482 3219 532 3280 est
549 3214 723 3279 inhabites.
762 3214 1005 3279 Domunculum
1024 3211 1161 3276 Thaidis
1170 3211 1196 3297 ¹)

223 3324 318 3407 quasi
343 3323 547 3401 Charybdim
571 3322 686 3406 procul
712 3322 833 3385 devita.
881 3321 946 3383 Eos
971 3320 1094 3383 habeas
1118 3338 1197 3382 con-

222 3430 416 3495 tubernales
439 3430 549 3505 velim,
575 3429 739 3512 aquibus
765 3427 891 3492 discere
915 3430 949 3491 et
973 3446 1048 3490 cum
1074 3426 1197 3509 quibus

133 3541 175 3604 35
222 3540 255 3601 te
279 3539 315 3602 in
343 3536 463 3602 litteris
493 3536 673 3602 exercitare
703 3536 821 3616 possis.
870 3534 1019 3600 Honesta
1047 3533 1197 3616 exempla

223 3665 376 3727 magnam
407 3645 474 3709 vim
508 3645 550 3708 ad
581 3644 718 3708 meliora
749 3642 945 3706 cohortandi
979 3641 1113 3705 habent.
1161 3642 1197 3705 Si

224 3742 363 3817 facultas
387 3753 484 3832 adsit,
509 3772 582 3816 cum
607 3750 766 3832 magistro
790 3752 848 3815 aut
872 3749 1015 3814 litterato
1040 3751 1097 3813 aut
1121 3768 1198 3830 pro-

224 3861 323 3926 batae
348 3859 434 3924 vitae
458 3860 631 3923 sacerdote
656 3858 810 3923 convivas
834 3858 944 3931 velim,
970 3860 1008 3920 ut
1031 3875 1140 3920 mores
1165 3859 1198 3918 el

224 3969 326 4032 vitam
350 3966 422 4031 eius
445 3968 577 4049 penitus
601 3966 785 4048 perspicias
809 3967 842 4028 et
866 3963 1061 4047 quotidiana
1084 3982 1198 4026 assuc-

133 4078 179 4140 ro
223 4075 339 4139 tudine
374 4074 525 4139 imiteris.
581 4073 709 4151 Quodsi
749 4073 832 4136 sorte
872 4071 1068 4153 imprudens
1107 4069 1196 4150 apud

225 4182 405 4248 illiberales
429 4185 462 4246 et
485 4181 637 4247 sordidos
667 4181 819 4244 homines
848 4180 965 4244 cellam
990 4175 1198 4258 conduxeris
