2632 4718
546 688 766 753 ..93-

258 861 319 927 Vix
342 861 454 927 tenuis
478 861 548 927 veri
572 862 712 945 contigit
735 864 855 928 umbra
878 863 968 929 boni.

214 969 338 1051 Elapsa
362 971 414 1034 est
437 989 524 1035 rano
548 970 659 1036 Pallas
684 971 837 1053 quaesita
860 971 983 1050 labore,

127 1077 191 1140 140
258 1076 309 1140 Re
333 1076 475 1141 nimium
498 1077 603 1158 stulti,
627 1096 708 1142 voce
732 1077 827 1142 fuere
850 1077 958 1160 sophi.

214 1181 278 1247 Hic
301 1183 502 1248 mirabiliter
525 1183 690 1268 sapientia
712 1203 791 1249 vera
815 1184 955 1262 refulsit,

258 1288 312 1353 Ad
335 1309 504 1354 summum
527 1289 702 1354 methodos
726 1289 935 1355 condidicere
959 1291 1084 1356 bonum

212 1395 450 1479 Exemplisque
473 1395 550 1477 piae
575 1395 662 1460 vitae
685 1399 867 1480 praecepta
890 1396 1085 1479 probarunt,

257 1501 451 1584 Flagrantes
475 1502 601 1568 domini
626 1523 757 1586 semper
781 1523 894 1568 amore
918 1504 981 1569 dei.

130 1608 247 1673 1450
272 1609 428 1691 quotiens
452 1609 598 1673 Thomas
622 1610 749 1674 celsum
772 1610 961 1692 penetrarit
981 1611 1160 1693 Olympum

259 1716 369 1780 Mente
391 1714 458 1797 pia,
482 1715 637 1798 quotiens
661 1735 718 1782 eor
741 1735 842 1799 snper
865 1719 955 1782 astra
977 1717 1068 1799 tulit,

213 1823 300 1886 Dum
324 1822 571 1904 contemplatus
595 1841 678 1904 puro
703 1823 860 1887 coelestia
884 1843 985 1888 sensu

256 1927 389 1992 Visibus
412 1928 566 1992 humanis
590 1928 704 1993 abdita
726 1928 920 2009 perdidicit!

216 2034 287 2098 Nec
310 2034 419 2100 solum
442 2034 543 2100 aetati
568 2034 683 2100 doctor
707 2034 910 2100 clarissimus
935 2037 993 2100 uni

127 2142 189 2204 150
257 2140 399 2220 Profuit,
424 2140 572 2205 illustres
597 2141 702 2205 edidit
726 2142 782 2205 ille
807 2141 920 2206 libros.

218 2247 306 2312 Huic
330 2248 439 2312 omnis
464 2247 588 2311 Christi
611 2251 718 2330 grates
743 2248 881 2313 eeclesia
906 2249 1004 2312 dehet

256 2353 463 2431 Innumeras,
488 2353 555 2417 divi
578 2374 718 2418 munera
742 2358 839 2419 nacta
862 2356 934 2432 viri,

211 2461 284 2537 Quo
309 2480 406 2525 nemo
430 2460 559 2541 melina,
584 2480 682 2525 nemo
707 2460 896 2526 distinctius
920 2482 1036 2527 omnes

256 2568 393 2632 Tractat
417 2567 458 2632 de
482 2571 594 2633 nostra
618 2568 789 2649 relligione
813 2569 912 2633 locos.

125 2674 187 2737 155
213 2673 372 2738 Obscuris
396 2675 504 2738 lucem
529 2673 651 2737 infudit
675 2675 887 2756 latebrasque
912 2675 1042 2755 retexit,

257 2781 421 2845 Discrevit
445 2780 550 2844 firrnis
575 2779 700 2857 frivola,
724 2799 828 2861 prara
851 2781 959 2858 bonis,

212 2886 352 2967 Semper
376 2886 411 2949 in
436 2887 593 2951 adversos
616 2885 693 2949 fidei
719 2906 866 2968 pugnare
890 2890 1037 2969 paratus,

257 2994 397 3076 Semper
420 2994 455 3056 in
480 2993 662 3057 humanum
688 2992 826 3056 fundere
852 2994 937 3057 dona
961 3015 1074 3076 genus,

214 3099 279 3177 Qui
304 3119 379 3163 eum
405 3099 560 3182 Lugduni
584 3099 719 3163 Graecis
743 3103 873 3163 certare
898 3100 1032 3183 cupivit,
1070 3159 1076 3170 ‚

127 3208 190 3270 ico
259 3204 442 3287 Intercepit
466 3204 530 3268 iter
553 3206 688 3269 morbus
712 3207 754 3270 ad
778 3209 867 3269 astra
891 3227 1026 3270 vocans.

212 3313 285 3388 Quo
309 3314 486 3394 postquam
511 3312 597 3376 vitae
621 3331 721 3376 cursu
747 3312 888 3376 feliciter
912 3316 985 3377 acto

256 3419 377 3482 Libera
401 3438 494 3482 mens
519 3419 611 3494 abiit,
635 3418 840 3501 perfruitura
865 3420 937 3497 dee,

211 3524 386 3589 Emicuere
411 3525 523 3588 statim
547 3525 662 3589 mullis
686 3525 847 3590 miracula
871 3525 969 3589 terris

256 3632 433 3696 Coelorum
458 3630 565 3696 civem
590 3631 764 3697 testificata
781 3652 913 3696 norum.

130 3740 192 3803 165
219 3739 288 3802 Nos
310 3738 409 3820 igitur
433 3741 585 3802 sanctum
602 3738 775 3818 Thomam,
800 3739 984 3821 Ludolphe,
1009 3744 1190 3821 sequentes

256 3847 437 3925 Pergamus
461 3844 565 3909 sacris
590 3845 763 3927 invigilare
787 3845 891 3909 libris.

210 3952 361 4016 Eradant
385 3953 497 4016 ratum
524 3972 589 4033 quo
614 3957 816 4033 nugamenta
840 3972 972 4032 canora,

255 4057 424 4140 Perspicis
448 4058 572 4138 ingenii
598 4059 798 4123 dexteritate
822 4059 881 4123 tui.

210 4165 323 4246 Turpe
347 4167 406 4242 est,
431 4166 464 4228 in
489 4185 649 4247 praeceps
673 4165 828 4229 Sirenum
852 4167 1007 4230 cantibus
1032 4167 1091 4246 ire,

125 4273 187 4335 titt
255 4272 293 4334 ln
318 4275 450 4354 portum
475 4271 621 4335 breriter
646 4272 780 4353 quando
805 4273 912 4336 redire
937 4273 1023 4336 lieet.
1118 4327 1125 4334 .
