2632 4718
542 176 778 231 -rerm

263 346 395 430 Excipit
418 346 472 410 bic
495 345 610 411 famuli
633 348 771 411 comiter
795 367 854 411 ora
877 346 939 424 sui,

220 453 263 517 Et
285 472 347 535 pro
371 456 502 518 serrata
524 455 655 518 tantum
679 453 803 534 pietate
827 453 990 536 rependit,

263 560 434 637 Quantum
458 578 556 624 nemo
579 577 641 624 sua
664 561 807 624 condere
830 561 943 624 mente
968 559 1065 623 valet.

132 668 194 730 165
220 666 357 749 Optima
379 666 564 749 perpetuae
588 665 727 749 largitur
750 663 872 749 gaudia
894 664 997 748 pacis

263 772 386 837 Fundit
409 771 608 838 inexhausto
632 771 775 838 maxima
797 771 888 837 fonte
911 772 1010 836 bona.

221 878 260 958 Ο,
283 877 414 943 utinam
438 878 534 943 nobis
557 879 640 944 baec
665 879 757 945 coelo
781 879 888 962 gratia
911 878 1019 955 detur,

266 985 309 1049 Ut
334 983 434 1051 liceat
457 984 563 1069 pulsis
587 984 700 1050 rivere
725 985 788 1050 rite
813 985 918 1064 malis

219 1092 293 1168 Quo
318 1091 406 1156 cives
429 1091 508 1158 olim
532 1111 662 1157 summo
687 1091 836 1156 dicamus
860 1091 992 1174 Olympi

134 1198 198 1261 170
266 1196 448 1264 Cantantes
473 1199 606 1264 laudem
629 1201 746 1281 terque
771 1199 955 1281 quaterque
980 1197 1054 1272 deo,

221 1302 284 1367 Cui
308 1305 457 1382 sitlans,
481 1304 595 1383 rirtus
620 1305 787 1385 maiestas,
811 1303 915 1388 gloria
939 1321 1071 1384 semper

268 1410 434 1475 Omnibus
457 1413 492 1475 et
515 1411 635 1476 saeclis
659 1411 880 1476 intemeratus
904 1409 1026 1475 honor!

555 1568 763 1639 Finis.

221 1832 476 1903 Hermannus
499 1832 698 1903 Buschius
721 1833 946 1921 Pasiphilus
969 1833 1109 1904 lectori

339 1943 341 1947 ’
517 1939 809 2029 Extemporale.

158 2086 171 2145 1
201 2083 358 2147 Carmina
381 2083 558 2163 llurmelli‚
583 2082 703 2165 priscis
727 2085 902 2165 aequanda
925 2084 1044 2166 poetis.

243 2189 368 2272 Accipe
392 2209 460 2255 non
485 2191 576 2270 duro,
603 2192 705 2254 lector
730 2190 844 2269 amice,
868 2190 959 2254 sinu!

200 2297 275 2361 Non
299 2299 381 2363 haec
404 2297 505 2362 illotis
530 2297 640 2379 digitis
664 2318 726 2363 nec
752 2300 860 2363 fronte
884 2295 1008 2381 pigenti

242 2404 378 2486 Perlege
402 2423 463 2468 nec
486 2405 580 2468 vultu
606 2404 788 2470 rusticitate
813 2405 916 2468 truci!

153 2512 172 2572 ri
197 2509 273 2574 Non
297 2513 408 2575 vomat
430 2510 483 2574 lric
507 2511 598 2576 virus
622 2512 710 2594 vulgi
734 2531 876 2575 censura
899 2509 1039 2593 profani,

243 2616 307 2680 Hic
330 2618 404 2698 tege
428 2618 581 2696 latratus,
607 2619 731 2695 Cynica
754 2618 862 2698 turba,
885 2617 975 2681 tuos!

199 2721 284 2786 Hinc
309 2723 405 2805 longe
429 2725 584 2788 exclusus
609 2727 752 2804 maneat,
778 2725 971 2806 quicunque
995 2722 1095 2787 feroci

245 2828 405 2894 Barbarie
430 2831 566 2895 demens
589 2830 621 2895 in
647 2832 704 2914 pia
725 2831 852 2913 plectra
875 2830 963 2894 furit.

203 2934 265 2999 Hic
289 2935 510 3002 admittantur
533 2937 605 3014 soli,
630 2938 795 3019 sartagine
819 2957 962 3020 quorum

133 3042 175 3105 10
243 3043 384 3107 Detersa
406 3043 540 3124 penitus
566 3044 677 3126 lingua
700 3044 806 3127 polita
830 3043 925 3109 nitet.

198 3148 264 3225 Qui
288 3149 419 3214 coluere
444 3170 555 3215 sacras
579 3154 669 3215 artes
694 3151 934 3233 Phoebumque
957 3152 1140 3233 parentem,

242 3256 412 3320 Musarum
436 3276 595 3321 numeros
620 3259 880 3340 nectareamque
904 3257 1018 3336 melos

200 3361 275 3425 Huc
300 3362 421 3439 adsint,
446 3363 579 3428 faveant
603 3363 723 3447 linguis
746 3363 935 3447 animisque
958 3362 1092 3428 canenti

243 3468 330 3549 Vati,
355 3488 454 3551 quem
478 3489 517 3534 ex
541 3470 648 3552 adytis
672 3469 763 3534 misit
787 3470 908 3553 Apollo
932 3470 1012 3535 suis.
