2632 4718
625 574 845 640 ..52-

295 752 506 832 convenient,
532 752 699 818 emendati
723 772 790 819 non
813 753 1007 830 irascentur,
1035 750 1163 818 laudati
1186 772 1267 835 gau·

209 859 248 924 15
295 861 439 939 debunt,
473 861 509 923 ut
537 859 604 924 sint
632 860 794 925 carissimi
831 859 866 925 in
896 861 1005 926 studio
1035 861 1264 925 merebuntur.

294 966 378 1031 Nam
402 968 440 1030 ut
462 966 593 1031 illorum
617 966 764 1033 officium
787 970 857 1047 est,
887 969 1021 1046 docere,
1057 968 1105 1032 sic
1135 967 1265 1045 horum,

295 1075 457 1156 praebere
482 1093 517 1138 se
542 1074 679 1152 dociles;
710 1074 859 1157 alioquin
887 1078 1042 1139 neutrum
1066 1075 1138 1138 sine
1162 1074 1266 1139 altero

294 1179 426 1245 sufficit.
451 1179 494 1243 Et
506 1182 745 1246 sicuthominis
756 1185 849 1246 ortus
859 1202 898 1246 ex
909 1179 1266 1265 utroquegignentium

295 1287 466 1351 confertur
482 1291 514 1352 et
531 1286 655 1353 frustra
670 1289 834 1370 sparseris
850 1289 988 1367 semina,
1013 1287 1077 1353 nisi
1097 1288 1155 1353 illa
1170 1306 1267 1370 prae-

208 1394 251 1459 ΞΟ
297 1394 445 1459 mollitus
469 1393 588 1459 foverit
611 1397 643 1460 et
663 1396 786 1468 sulcus,
810 1396 857 1461 ita
872 1395 1063 1478 eloquentia
1078 1395 1266 1460 coalescere

295 1500 424 1583 nequit,
456 1501 520 1566 nisi
551 1501 675 1568 sociata
702 1503 867 1567 tradentis
895 1501 1156 1585 accipientisque
1186 1521 1266 1566 con-

295 1608 437 1672 cor·dia.“
486 1608 524 1672 ld
548 1612 658 1673 autern
689 1629 787 1674 omne
815 1609 884 1674 iere
913 1608 1140 1687 Quintilianus
1164 1629 1185 1674 a
1210 1608 1266 1673 Ci-

296 1734 416 1778 cerone
455 1718 625 1780 mutuatus
664 1719 723 1781 est.
770 1715 827 1780 Ait
865 1716 953 1780 enirn
990 1716 1046 1781 ille
1084 1716 1127 1780 ad
1160 1715 1267 1780 filium

296 1822 445 1885 scribens
488 1822 681 1904 epistolam:
730 1823 825 1902 „Non
863 1823 973 1888 minus
1011 1826 1267 1906 praeceptorem

232 1930 246 1949 '
297 1948 407 1993 amare
435 1929 552 2003 habea,
586 1950 686 2011 quam
718 1929 792 2011 ipsa
820 1929 944 2005 studia,
976 1950 1051 1995 cum
1080 1929 1152 2012 ipse
1182 1930 1266 1994 alter

296 2037 415 2100 existat
443 2040 537 2117 pater
568 2056 635 2102 non
670 2036 742 2102 dico
772 2056 964 2120 corporum,
1000 2037 1059 2101 sed
1093 2037 1266 2117 mentium,

296 2143 401 2208 multo
440 2142 543 2225 magis
582 2143 648 2207 illis
687 2143 928 2208 excellentium.
986 2144 1147 2208 Libenter
1184 2142 1267 2208 velis

296 2250 410 2313 audire
427 2253 459 2313 et
476 2249 574 2314 dietis
591 2251 725 2315 credere
742 2253 784 2323 et,
802 2253 839 2314 ut
855 2251 971 2315 similis
988 2248 1058 2329 fiae,
1076 2250 1266 2315 desiderare

296 2359 329 2421 el
345 2357 478 2420 tandem
495 2356 583 2420 inter
599 2357 680 2421 alios
697 2359 869 2422 studentes
884 2361 917 2421 te
935 2358 1058 2421 laetum
1074 2359 1107 2420 et
1125 2357 1268 2422 alacrem

209 2467 252 2531 30
296 2467 435 2529 reddere
459 2467 492 2528 et
515 2464 543 2526 si
568 2466 701 2546 quando
726 2465 927 2539 emenderis,
953 2484 1018 2528 non
1042 2466 1074 2528 te
1098 2464 1211 2541 irasci,
1235 2466 1268 2528 et

299 2573 326 2636 si
351 2573 505 2645 lauderiS,
530 2575 563 2635 te
579 2572 657 2636 inde
675 2572 847 2636 clariorem
865 2572 976 2635 studio
993 2571 1165 2652 praebere,
1190 2571 1269 2653 quia

297 2677 521 2764 praeceptoris
538 2677 684 2742 officium
702 2682 762 2753 est,
788 2679 917 2756 docere,
940 2678 1095 2760 discipuli
1111 2697 1191 2742 vero
1208 2679 1267 2751 est,

298 2808 332 2851 se
363 2786 503 2851 docilem
531 2786 685 2860 reddere,
719 2804 794 2849 cum
825 2805 909 2868 opus
939 2785 1011 2849 sit.“
1065 2783 1268 2868 luvenalist)

298 2895 441 2976 denique
465 2893 499 2956 in
523 2895 632 2974 satyra
654 2893 714 2956 Vll
739 2892 862 2974 inquit:

211 3002 251 3066 35
299 2999 381 3078 „Dii
395 3001 555 3066 maiorum
569 2998 694 3063 umbris
707 3002 841 3062 tenuem
855 3001 887 3062 et
900 2997 971 3063 sine
980 2999 1129 3080 pondere
1142 2999 1265 3063 terram

299 3108 538 3190 Spirantesqne
563 3126 676 3170 crocos
700 3109 732 3169 et
755 3107 790 3169 in
815 3126 896 3169 urna
920 3109 1119 3188 perpetuum
1142 3125 1210 3185 rer,

299 3215 362 3292 Qui
387 3216 636 3297 praeceptorem
659 3211 765 3277 sancti
791 3213 922 3277 voluere
946 3211 1097 3293 parentis

300 3322 380 3385 Esse
405 3322 485 3385 loco,
533 3322 683 3384 Metuens
707 3321 818 3401 virgae
843 3321 908 3384 iarn
933 3318 1065 3402 grandis
1089 3318 1238 3383 Achilles

300 3427 464 3491 Cantabat
487 3427 604 3507 patriis
629 3426 663 3490 in
688 3427 867 3494 montibus,
892 3430 925 3490 et
949 3426 1001 3490 cui
1026 3445 1092 3489 non
1116 3427 1198 3489 tunc

211 3536 254 3600 40
299 3534 442 3599 Eliceret
467 3533 568 3597 risum
593 3533 776 3598 citharoedi
800 3535 906 3597 cauda
930 3532 1121 3614 inagistr·i?⁸‘

300 3643 347 3706 De
371 3642 486 3706 eodem
510 3640 649 3715 Achille,
674 3643 711 3705 ut
735 3642 890 3721 magistro
912 3639 1069 3722 paruerit,
1094 3635 1269 3723 Ovidius4)

300 3749 458 3831 inprime
476 3749 516 3811 de
533 3747 664 3811 amandi
682 3753 752 3812 arte
771 3748 853 3812 libro
870 3747 921 3810 liis
939 3748 1089 3811 versibus
1103 3746 1269 3810 meminit:

303 3855 385 3934 „Qui
409 3855 530 3919 totiens
554 3855 670 3933 socios,
695 3853 815 3918 totiens
840 3853 999 3917 exterruit
1023 3855 1146 3933 hosteS,

345 3963 498 4028 Creditur
522 3983 683 4027 annosum
708 3960 920 4043 pertimuisse
944 3981 1067 4024 senem.

212 4071 254 4136 45
301 4072 391 4149 Quas
416 4072 540 4133 Hector
564 4089 722 4132 sensurus
747 4072 827 4133 erat.
852 4069 1008 4150 poscente
1034 4066 1191 4148 magistro

346 4177 546 4241 Verberibus
569 4175 677 4240 iussas
700 4175 851 4256 praebuit
876 4175 931 4238 ille
957 4178 1103 4238 manus.“
