2632 4718
685 696 902 761 ..12-

369 880 440 939 tnm
457 877 499 939 ad
516 873 772 939 concinnitatem
797 873 975 945 locutionis
995 872 1136 955 attinet)
1153 874 1300 939 tradncu

368 1002 426 1045 eos
453 983 495 1045 ad
527 984 660 1063 poetas,
695 980 738 1043 ad
768 982 933 1058 oratores
966 979 1010 1044 ad
1044 978 1251 1059 historicos,
1281 1001 1301 1044 u

370 1087 548 1157 Latinitas,
577 1087 633 1150 ubi
669 1084 851 1165 elegantia,
882 1084 940 1149 ubi
968 1083 1231 1167 significationis
1263 1105 1315 1168 pr

368 1193 507 1274 prietas,
531 1194 588 1256 ubi
618 1190 778 1256 orationis
806 1191 967 1272 splendor.
988 1194 1022 1255 et
1050 1191 1167 1274 copia,
1200 1192 1260 1257 ubi
1283 1214 1316 1256 es

287 1303 327 1363 lt)
369 1298 492 1381 quisita
527 1296 739 1381 corapositio,
778 1296 836 1361 ubi
875 1295 1059 1361 difficilium
1093 1298 1303 1363 vocabuloru

369 1404 611 1488 interpretatio,
636 1404 693 1467 ubi
709 1403 883 1485 persuasio
898 1403 998 1486 plane
1018 1401 1168 1468 discitur.
1212 1403 1293 1486 Sicq

367 1511 524 1574 Italorum
553 1509 612 1574 srlii
647 1531 721 1575 mox
753 1510 900 1574 eradunt
929 1508 1040 1573 idonci
1068 1510 1114 1575 ad
1145 1510 1316 1589 audiend

369 1618 473 1698 legeS,
508 1616 550 1680 ad
584 1635 740 1691 canones
768 1612 811 1680 ad
845 1634 957 1680 sacras
991 1614 1122 1681 litteras
1158 1617 1194 1679 et
1231 1617 1267 1680 in
1297 1636 1314 1677 e

369 1723 560 1804 frequenter
581 1725 690 1786 aetate
713 1720 940 1786 iurisconsulti
972 1721 1178 1801 redduntur,
1209 1721 1246 1785 in
1270 1741 1313 1803 qu

309 1834 321 1861 ·'
370 1833 537 1893 nostrates
569 1828 689 1892 miselli
712 1828 822 1893 adhuc
846 1828 887 1892 de
910 1827 1077 1901 vocativo,
1108 1827 1151 1909 de
1180 1829 1313 1911 quinqu

369 1934 483 2015 liguris
515 1935 624 2018 deque
658 1932 878 2017 appositionis
908 1933 989 1998 vitio
1018 1934 1195 1999 decertant
1231 1933 1314 2015 inqu

368 2041 520 2105 obscuris
544 2039 679 2123 geintivi
696 2040 824 2104 viribus
847 2039 1036 2124 ineptisque
1052 2039 1239 2117 Alexandri
1262 2058 1299 2117 <a

370 2147 517 2211 rninihns
540 2147 584 2227 (si
601 2147 748 2210 cannina
765 2146 830 2210 dici
848 2148 1034 2230 merentur)
1059 2144 1240 2211 ridiculose.
1258 2166 1315 2209 rer

369 2258 496 2316 santur.
532 2254 682 2335 Curiique
699 2255 788 2333 apud
806 2253 912 2317 bonos
928 2255 1166 2333 praeceptores
1183 2252 1310 2316 laurear

285 2361 318 2422 ι’
370 2360 439 2423 sire
464 2361 671 2423 (toctorahnn
696 2360 830 2440 assequi
855 2358 1058 2440 potuissent,
1087 2361 1163 2439 post
1187 2359 1297 2422 duoru

370 2467 470 2531 etiam
488 2470 542 2528 alit
563 2464 661 2528 trium
680 2466 860 2529 lastrorum
882 2465 993 2528 studia
1009 2464 1217 2545 interrogati,
1235 2465 1315 2546 qnid

370 2593 446 2635 nam
483 2571 673 2637 didicerint.
712 2573 912 2651 respondero
941 2571 1031 2634 alind
1064 2570 1147 2634 nihil
1176 2590 1316 2652 possnn

368 2699 482 2759 quarn:
515 2679 659 2745 „annas
684 2677 863 2741 Alexandri
888 2679 1031 2758 partes.“
1080 2676 1199 2758 ltaque
1223 2676 1271 2747 lit,
1295 2696 1314 2738 n

368 2786 566 2865 plernnrque
590 2786 679 2865 apnd
704 2787 882 2853 nostrates,
910 2785 967 2864 qui
999 2782 1229 2865 philosophiae
1256 2804 1314 2864 sep

284 2895 320 2954 '2⁷
369 2894 476 2954 tenne
506 2890 759 2970 disciplinarum
789 2889 937 2971 magistri
969 2892 1222 2970 nuncupantur,
1255 2910 1307 2951 eur

369 2995 565 3060 Academias
583 3001 705 3059 exeunt
730 2997 831 3076 inque
856 2994 1039 3077 peritorum
1060 2994 1234 3058 homimnn
1252 3015 1314 3058 con

368 3102 496 3166 cionem
521 3103 670 3175 veniunt
696 3121 804 3183 neque
830 3101 949 3165 Latine
973 3100 1062 3182 loqui
1083 3100 1194 3164 norint
1220 3121 1309 3183 nequ

368 3208 545 3288 epistolam
574 3228 682 3289 neque
712 3227 844 3271 cannen
881 3209 979 3271 edere
1015 3227 1125 3288 neque
1154 3207 1308 3271 historiar

369 3333 541 3376 recensere
567 3334 674 3394 neque
698 3313 928 3377 lnerissimanr
953 3313 1112 3377 ecclesiae
1136 3314 1313 3377 oratiunru

285 3422 326 3485 30
369 3420 433 3483 lam
457 3419 574 3501 (quam
598 3420 772 3484 collectam
795 3422 932 3503 vocant)
952 3418 1171 3511 interpretari
1189 3419 1316 3500 possim

770 3722 822 3784 ll'.

263 3859 461 3930 Antonius
490 3860 740 3930 Illuminatus
767 3860 809 3928 in
838 3859 1008 3947 epistola
1035 3859 1088 3928 ad
1110 3858 1261 3928 Antoni
1301 3890 1316 3920 a

630 3966 924 4037 Mancinellum.
940 3969 963 4051 ¹)

21 4028 226 4384 μ
460 4147 567 4210 Aheat
592 4147 659 4210 iam
689 4146 853 4211 barbarus
877 4146 1066 4210 Alexander
1095 4148 1125 4208 et
1151 4144 1294 4209 barbara

369 4270 445 4316 cum
469 4272 529 4315 sua
551 4251 704 4316 barbarie
729 4254 858 4333 repetat
882 4253 1043 4334 patriam!
