2632 4718
559 638 781 708 ...83-

243 818 334 883 Dum
357 818 452 902 cupit
475 818 604 884 aeterni
628 837 751 884 nomen
773 819 898 884 habere
923 818 986 884 dei.

194 924 348 990 Socratis
372 924 531 991 exstinxit
555 925 658 991 vitam
681 926 781 992 letale
805 945 983 1005 venenum,

243 1030 288 1095 Et
310 1030 412 1097 variis
435 1031 491 1096 alii
515 1030 698 1116 disperiere
722 1031 841 1098 modis

196 1136 269 1201 Sed
291 1136 515 1202 miserabilior
538 1135 634 1202 nobis
658 1158 747 1204 mors
771 1138 865 1203 nulla
888 1138 1028 1218 videtur,

121 1246 171 1308 40
247 1243 316 1307 Aut
340 1244 381 1308 de
405 1262 475 1325 qua
496 1243 623 1326 possim
646 1243 719 1309 iure
743 1244 856 1309 dolere
880 1246 999 1326 magis:

197 1349 334 1414 Occidit
356 1349 504 1430 indigne,
528 1369 658 1414 mersus
681 1351 874 1434 putealibus
898 1352 1007 1428 undis,

245 1455 388 1521 Grorius
411 1456 468 1520 ille
491 1457 579 1538 pius,
605 1476 751 1540 spesque
775 1459 944 1540 decusque
967 1477 1089 1534 meum,

198 1563 267 1640 Qui
291 1582 344 1627 me
367 1561 548 1645 praecipuo
572 1563 689 1628 virens
714 1563 831 1629 dilexit
855 1584 978 1644 amore,

247 1669 314 1746 Qui
338 1669 477 1753 sophiae
500 1669 633 1753 cupidis
656 1672 773 1752 portus
797 1675 832 1736 et
855 1691 937 1737 aura
960 1671 1037 1736 fuit!

120 1780 170 1842 45
200 1776 331 1852 Funde,
355 1794 483 1859 precor,
509 1775 674 1856 lacrimae,
698 1777 834 1858 indulge
857 1781 926 1842 tota
951 1777 1056 1842 dolori

244 1882 287 1945 Et
311 1881 416 1948 laetos
440 1881 536 1946 differ
560 1901 658 1961 nunc,
683 1883 799 1965 elegia,
824 1883 955 1948 modos!

197 1990 257 2054 Sic
280 1989 413 2068 nebulo,
438 1988 487 2052 sic
509 1989 677 2073 impuram
701 1990 869 2072 deponere
894 1990 996 2055 vitam

245 2095 368 2160 Debuit
391 2096 556 2162 obscurae
579 2116 685 2178 ganeo
710 2097 817 2162 cultor
841 2098 961 2177 lrarae;

199 2202 268 2279 Sic,
294 2221 380 2284 quos
405 2202 472 2266 dux
496 2203 630 2267 Poenus
640 2202 680 2283 ¹³)
703 2207 826 2285 puteos
850 2203 1009 2268 demersit
1033 2203 1065 2266 in
1092 2205 1187 2280 allos,

122 2312 172 2374 50
247 2307 290 2372 Ei
314 2307 468 2390 quisquis
491 2311 642 2373 ventrem
666 2313 726 2374 aut
748 2310 899 2375 membra
927 2310 1084 2392 pudenda
1111 2309 1200 2372 colit.

200 2413 301 2479 Hunc
326 2411 439 2478 decuit
462 2413 579 2496 longae
602 2416 788 2499 producere
811 2419 963 2499 tempora
987 2417 1075 2480 ritae

245 2520 294 2583 Ac
318 2520 427 2602 proba
450 2519 624 2602 discipulis
647 2522 781 2586 tradere
806 2522 908 2587 rerba
931 2522 1007 2604 piis,

199 2627 304 2691 Cuius
328 2627 364 2690 in
388 2626 521 2691 exculto
543 2627 769 2712 pulcherrima
792 2631 926 2709 pectore
951 2629 1057 2691 virtus

245 2731 373 2815 Delegit
396 2733 511 2797 sedem
535 2733 777 2816 constituitque
803 2735 947 2799 domum.

124 2842 171 2904 55
198 2839 307 2918 Eheu,
331 2849 444 2921 quani
457 2837 562 2905 tristis
586 2844 718 2904 nostras
741 2843 822 2905 tunc
847 2839 986 2904 nuntius
1010 2860 1108 2904 aures

244 2945 424 3023 Percussit,
448 2949 595 3028 quantus
620 2946 738 3011 intima
762 2946 862 3010 corda
887 2946 992 3024 dolor,

200 3051 285 3114 Cum
310 3051 443 3116 iuvenis
467 3052 594 3116 clarum
618 3054 722 3118 vitam
746 3053 919 3117 exhalasse
944 3051 1138 3129 magistrum

244 3159 283 3223 ln
306 3159 399 3242 putei
422 3158 544 3224 clausis
568 3161 844 3224 commemoraret
869 3160 980 3241 aquis!

200 3265 275 3329 Non
299 3264 365 3329 illis
389 3270 506 3348 potum
530 3266 628 3330 libuit
652 3270 786 3349 gustare
812 3265 942 3340 diebuS,

127 3374 176 3436 60
245 3371 320 3436 Non
347 3373 445 3446 vesci,
470 3391 608 3437 somnus
632 3393 694 3438 nec
718 3372 799 3436 mihi
824 3375 920 3437 nocte
945 3373 1017 3437 fuit.

199 3479 299 3543 Solae
323 3483 405 3544 tunc
430 3479 597 3557 lacrimae,
622 3479 766 3561 suspiria
789 3479 860 3543 sola
884 3477 1041 3542 iuvabant

243 3585 285 3649 Et
307 3586 425 3666 vulgus
450 3585 576 3668 pariter
601 3585 699 3650 noxia
723 3586 792 3650 sata
816 3585 943 3649 dolens.

199 3690 308 3771 Certe,
333 3711 433 3774 quem
458 3693 570 3756 virum
594 3693 738 3775 populus
762 3692 921 3755 dilexerat
943 3690 1062 3767 omnis,

243 3798 320 3862 Non
344 3798 455 3880 poluit
480 3802 614 3879 raptum
639 3818 707 3861 non
732 3799 907 3861 lacrimare
932 3797 1047 3860 virum.

131 3908 174 3967 (55
201 3903 245 3966 Al
272 3904 431 3986 quoniam
456 3903 536 3968 celsi
560 3905 665 3968 voluit
689 3904 737 3967 sic
761 3907 869 3967 rector
892 3902 1035 3983 Olympi,

243 4010 346 4074 Cuius
371 4010 546 4075 consilium
571 4030 669 4073 nemo
694 4013 809 4073 tenero
832 4009 954 4085 valet,=

201 4115 375 4197 Perpetuis
399 4135 516 4180 omnes
541 4115 627 4178 rotis
652 4118 806 4196 optemus
830 4114 864 4178 id
888 4131 1003 4184 unum,

242 4221 387 4302 Spiritus
411 4226 449 4286 ut
474 4221 575 4285 Grori
600 4222 744 4302 gaudeat
767 4239 824 4283 ore
848 4218 912 4283 dei.

986 4322 1033 4388 6*
1075 4388 1080 4398 ,
