2632 4718
596 720 837 783 —118-

184 1000 248 1070 Ad
264 999 539 1070 doctissimum
557 895 864 1071 vuumxiii‘trum
879 998 1078 1087 symaion
1092 999 1252 1088 Aquen-

185 1126 285 1190 sem,
314 1106 553 1177 canonicum
577 1105 769 1176 ecclesiae
800 1106 880 1176 divi
901 1106 1065 1176 Martini
1087 1107 1130 1175 in
1151 1106 1252 1176 urbe

565 1211 881 1282 Monastsriensi.

398 1318 552 1413 Quibus
576 1319 700 1389 sacris
724 1319 824 1389 deus
848 1318 1039 1407 placetur.

211 1449 225 1510 1
253 1445 400 1522 Gaudeo,
424 1444 514 1528 quod
538 1445 690 1526 sophiam
714 1444 889 1527 coniungis
913 1465 988 1509 curn
1012 1445 1144 1528 pietate,

299 1550 474 1632 Ingenium
497 1551 608 1627 miror,
633 1550 772 1615 candide
797 1552 907 1628 Patre,
931 1553 1036 1615 tunm.

254 1657 289 1721 si
313 1659 419 1734 uacat,
442 1655 606 1721 incultum
631 1675 698 1720 non
721 1657 944 1738 aspernabere
968 1675 1111 1732 carmen,

299 1763 396 1841 Quod
420 1763 547 1839 darnae,
571 1764 606 1827 at
629 1781 745 1826 seorsus
768 1761 876 1827 fronte
901 1762 1025 1827 nitente
1049 1763 1147 1845 leges.

210 1872 228 1932 ἴ)
254 1869 318 1946 Qui
344 1867 435 1949 cupit
458 1869 500 1933 ad
523 1867 605 1932 celsi
627 1868 851 1932 conscendere
875 1868 1008 1933 culmen
1031 1867 1163 1951 Olympi

298 1975 340 2040 nt
362 1974 435 2039 fieri
459 1973 537 2040 felix
560 1976 659 2056 alque
682 1974 816 2056 placere
840 1975 911 2051 deo,

254 2083 287 2146 Is
311 2101 371 2146 nec
396 2081 573 2163 Erythreas
597 2081 732 2146 studeat
755 2080 951 2163 conquirere
975 2081 1119 2146 conchas

300 2189 369 2252 Nec
392 2189 488 2271 paret
512 2188 633 2252 exculti
657 2188 771 2269 iugera
795 2189 864 2252 lala
887 2186 959 2252 soli.

255 2295 366 2360 Mollia
391 2295 616 2378 Hyperboreis
626 2297 653 2377 ¹)
677 2313 743 2358 non
767 2297 904 2377 appetat
927 2293 994 2358 otia
1017 2293 1117 2369 silvis,

191 2405 231 2467 10
301 2402 425 2466 Pellaei
448 2402 577 2464 iuvenis
601 2420 669 2464 non
693 2399 756 2464 sibi
781 2418 881 2481 regna
905 2400 994 2463 velit.

259 2508 388 2589 Corpus
412 2505 673 2590 Achaemeniol)
698 2505 782 2569 nolit
805 2505 1008 2587 perfundere
1033 2507 1134 2582 costo,

300 2613 460 2696 Aufugiat
484 2612 618 2689 cautim,
643 2631 729 2693 quae
752 2613 908 2693 placuere
933 2612 1039 2694 gulae.

256 2719 438 2802 Asperiora
461 2721 557 2802 putet
580 2738 682 2801 quarn
706 2717 854 2800 corporis
879 2718 990 2783 ulcera
1014 2717 1145 2795 mentis,

299 2824 451 2890 Insideat
475 2825 568 2901 nulli,
593 2825 636 2888 sit
659 2823 795 2907 pietatis
818 2843 943 2887 arnans.

192 2935 231 2997 15
257 2932 366 2996 Evilat
388 2932 526 3016 rapidos
550 2932 712 2996 scelerato
737 2931 835 2995 corde
859 2931 990 2995 sodales

301 3039 447 3121 Longius
471 3059 510 3103 ac
534 3039 648 3119 Libyci
672 3040 780 3103 taetra
803 3057 932 3102 venena
955 3037 1027 3113 soli,

257 3146 298 3210 Et
322 3165 383 3209 sua
406 3148 568 3228 perpetua
592 3145 770 3228 componat
794 3146 929 3225 pectora
952 3162 1044 3226 pace,

303 3252 511 3333 Pauperibus
535 3251 637 3315 donet
660 3254 756 3332 parta
781 3251 892 3315 labore
916 3250 982 3332 pic.

258 3357 427 3423 Sacrificat
450 3358 594 3435 Christe,
619 3358 678 3421 sed
702 3377 763 3421 nec
787 3358 992 3421 fumantibus
1016 3356 1099 3419 extis

191 3466 234 3529 20
302 3465 371 3528 Nec
395 3484 431 3527 se
456 3463 656 3547 caespitibus
679 3483 778 3546 posse
802 3464 899 3527 litare
922 3464 1028 3546 putet.

258 3569 333 3634 Non
357 3569 527 3634 dominum
550 3570 685 3651 placant
707 3569 843 3634 mactati
867 3569 994 3633 viscera
1017 3567 1113 3643 tauri,

304 3675 462 3741 Verbenis
486 3677 656 3758 nequeunt
680 3675 816 3741 nurnina
839 3677 928 3740 celsa
951 3675 1040 3757 capi3

258 3782 322 3846 Gor
345 3782 469 3847 virtute
494 3782 601 3847 nitens
626 3781 813 3864 gratissima
836 3781 972 3846 victima
996 3782 1098 3857 coelo,

303 3889 491 3953 Conciliant
515 3908 656 3971 superos
680 3909 768 3971 spes
793 3909 886 3954 arnor·
910 3891 1010 3971 atque
1035 3888 1127 3951 fides.

192 3997 233 4060 25
258 3995 294 4060 Si
319 3997 394 4077 quis
417 3996 502 4060 sorte
527 3997 627 4060 deurn
650 3994 825 4059 commorit
850 3995 1005 4077 turpibus
1030 3994 1129 4071 ausis,

303 4102 456 4167 Procidat
479 4108 513 4167 et
536 4101 636 4185 largis
660 4103 795 4167 fletibus
819 4122 877 4167 ora
900 4101 992 4184 riget,

258 4209 410 4274 lndoleat
433 4210 557 4292 gernitu
581 4208 779 4291 veniamque
803 4211 957 4292 procetur
982 4212 1015 4272 et
1039 4209 1127 4272 ultra

303 4316 447 4380 Coelesti
471 4316 575 4399 fugiat
599 4316 738 4380 crimina
761 4316 866 4380 fretus
889 4336 963 4399 ope.
