2864 4360
684 347 900 412 ..90-

328 523 488 588 Restituit
511 523 618 588 caecis
643 524 750 588 lucem
774 525 945 607 mutisque
961 515 1145 607 loquelam,

372 629 490 695 Surdis
514 629 646 696 auditus
671 649 810 694 munera
832 631 980 694 restituit

327 735 368 800 Et
392 735 520 801 facilem
544 735 672 802 claudis
695 755 846 818 gressum
870 737 1098 820 exanimisque
1122 741 1281 820 stupente

261 845 304 908 30
371 842 499 908 Natura
523 843 624 908 vitam
647 843 725 908 fecit
748 843 858 909 inesse
883 863 1012 908 noram.

326 949 463 1031 Expulit
486 953 519 1014 et
543 949 676 1013 morbos
700 949 885 1015 animorum
910 952 1006 1032 peste
1029 949 1189 1028 furentes,

371 1055 510 1138 Purgari
534 1057 653 1122 statuit
677 1055 824 1122 lontibus
848 1077 946 1122 omne
970 1057 1089 1122 scelus·

327 1161 468 1228 Edocuit
491 1163 624 1239 claram,
648 1182 735 1245 quae
759 1161 824 1228 lert
848 1183 949 1247 super
972 1163 1118 1242 aethera,
1143 1163 1260 1244 legem,

371 1269 446 1347 Qua
468 1272 563 1334 vetus
587 1267 727 1352 antiquo
750 1269 896 1334 concidit
919 1270 1037 1335 umbra
1061 1271 1143 1334 loco.

261 1377 301 1440 35
327 1375 439 1457 thue
463 1373 525 1440 luit
548 1377 682 1458 tempus
705 1375 849 1441 faciendi
873 1395 968 1442 sacra
991 1375 1133 1459 parenti,

370 1482 503 1564 Ingrata
527 1482 646 1546 duram
668 1485 766 1564 gente
790 1485 930 1565 parante
954 1501 1081 1560 necem,

325 1589 364 1654 ln
387 1589 484 1672 panis
508 1589 619 1670 specie
643 1589 740 1654 nobis
764 1588 898 1672 vinique
924 1589 1058 1672 reliquit

369 1695 441 1760 Rex
465 1713 623 1778 superum
647 1713 769 1777 corpus
793 1715 869 1760 cum
892 1696 1017 1778 pietate
1040 1715 1146 1760 suum.

325 1801 489 1866 Hostibus
513 1802 657 1867 occurrit
681 1802 832 1866 trucibus
857 1801 1054 1868 mitissimus
1077 1802 1176 1882 ultro,

259 1912 301 1973 40
371 1908 526 1974 Proditus
550 1909 592 1973 ab
616 1907 698 1973 luda
722 1909 860 1990 grandia
884 1909 994 1974 vincla
1017 1909 1101 1974 tulit.

326 2015 426 2080 Haud
451 2035 548 2080 secus
572 2035 610 2080 ac
634 2015 719 2080 latro
743 2016 795 2080 vel
818 2015 1047 2080 crudelissima
1071 2015 1177 2080 nostri

370 2122 437 2186 Fax
461 2123 593 2203 generis
617 2123 722 2187 celsas
746 2121 875 2186 sistitur
899 2125 977 2187 ante
1000 2121 1099 2187 sores.

323 2227 404 2294 inde
428 2229 630 2308 sacerdotes
655 2229 731 2293 hinc
754 2229 994 2294 bacchabunda
1017 2231 1172 2294 senectus

369 2335 527 2400 Constitit
551 2337 583 2399 et
606 2336 735 2401 scribae
759 2334 1020 2418 pestiferumque
1043 2355 1158 2418 genus,

257 2444 299 2506 45
325 2442 503 2524 Foedaque
526 2442 678 2508 certatim
702 2461 857 2524 proceres
881 2441 1029 2506 convicia
1052 2442 1186 2520 iactant,

369 2547 553 2614 Obscoenis
577 2549 716 2614 tacitum
740 2547 876 2614 vocibus
901 2547 1102 2614 excruciant.

324 2654 412 2733 Quid
436 2655 569 2720 rabidos
594 2673 775 2720 memorem
800 2673 898 2718 caeca
921 2655 1093 2737 impietate
1116 2654 1287 2719 ministros

370 2761 554 2826 Lucilluam
578 2760 694 2826 faciem
718 2761 978 2826 commaculasse
1002 2761 1077 2826 dei?

324 2867 399 2932 Non
426 2868 557 2932 valuere.
580 2887 679 2932 canes
703 2869 816 2933 vultus
840 2868 984 2934 tolerare
1008 2868 1159 2945 nitorem,

257 2975 300 3040 50
368 2973 444 3039 Oris
467 2974 554 3038 serre
578 2975 675 3040 iubar
698 2995 764 3039 non
788 2975 924 3040 valuere
948 2994 1057 3040 canes.

323 3079 499 3146 Accedunt
521 3081 656 3145 tandem
682 3082 890 3163 multumque
914 3081 1036 3164 diuque
1061 3081 1155 3163 petiti

368 3188 494 3270 Impuri
518 3190 620 3252 testes
644 3187 793 3270 falsaque
817 3188 920 3253 verba
943 3191 1069 3252 serunt.

323 3292 492 3359 Accusant
515 3313 626 3359 coram
650 3295 783 3359 miseris
806 3294 1002 3359 mortalibus
1026 3294 1129 3370 illum,

368 3399 480 3465 Iudice
504 3421 571 3484 quo
595 3402 740 3466 mundus
765 3401 995 3466 discutiendus
1019 3401 1092 3464 erit.

257 3505 299 3570 55
323 3505 479 3570 Traditus
502 3505 579 3571 hinc
603 3527 703 3572 saevo
726 3510 891 3590 populum
914 3507 1071 3572 turbante
1095 3505 1241 3572 tumultu

367 3612 513 3694 Turgida
538 3614 681 3679 Romani
705 3614 824 3678 iudicis
848 3635 907 3678 ora
930 3615 1030 3678 subit.

324 3717 444 3784 Missus
469 3721 511 3785 ad
534 3721 712 3799 Herodem,
736 3722 797 3785 sed
821 3719 856 3784 in
878 3720 954 3784 alba
977 3724 1071 3785 veste
1096 3719 1263 3797 remissus,

368 3825 437 3891 Ceu
462 3828 602 3893 stolidus
627 3827 746 3892 misere
771 3826 875 3893 morio
900 3827 1106 3891 distrahitur.

360 3954 399 3999 qu
424 3934 528 4016 dolor,
551 3937 616 4000 heu
639 3933 762 4017 pietas!
787 3933 914 4016 Flagris
938 3933 1103 3997 laceratus
1127 3931 1252 4015 iniquis
