2632 4718
574 990 712 1057 CXXXI.

129 1130 194 1199 Ad
215 1130 410 1219 politioris
433 1130 679 1201 litteraturae
708 1134 748 1199 et
770 1130 926 1200 virtutis
953 1129 1156 1200 studiosos

497 1236 791 1324 paraeneticen.

223 1413 334 1478 Filioli
359 1414 483 1490 dulces
506 1415 667 1479 virtutem
692 1415 842 1496 quaerite
866 1413 1020 1496 primum,

271 1520 498 1601 instituatque
522 1519 575 1583 dei
598 1523 734 1601 pectora
757 1522 867 1584 vestra
891 1519 1005 1584 timor!

219 1626 293 1689 hiox
318 1624 450 1706 linguae
474 1625 583 1689 cultus
607 1628 638 1689 et
663 1626 821 1689 honestas
846 1625 961 1688 discito
984 1627 1095 1689 Musas

271 1730 389 1811 Adque
414 1749 526 1795 sacros
551 1730 709 1795 methodo
732 1731 961 1794 transrotitate
985 1730 1101 1794 libros!

154 1838 173 1900 5
221 1835 376 1917 Spernite
400 1835 575 1900 barbarica
598 1835 761 1900 distentos
784 1836 903 1917 glande
928 1837 1113 1917 magistros,

270 1941 426 2022 Ignarum
450 1941 534 2006 lucis
559 1940 842 2023 Cimmeriumque
866 1960 981 2021 genus,

221 2046 382 2127 Quosque
406 2046 478 2110 sitis
501 2046 582 2111 fulvi
607 2048 700 2110 tenet
722 2045 913 2129 importuna
937 2045 1060 2111 metalli

268 2151 337 2216 Aut
360 2153 455 2216 vanis
478 2152 609 2216 inhians
633 2151 791 2217 laudibus
815 2151 970 2231 ambitio;

220 2256 285 2334 Qui
309 2257 434 2322 dociles
458 2278 581 2341 pueros
606 2258 752 2322 retinent
775 2257 818 2322 ob
842 2260 940 2340 turpe
964 2257 1121 2322 lucellum

133 2362 174 2426 10
273 2361 430 2427 Profecto
454 2364 584 2445 positos
608 2363 764 2427 inferiore
788 2364 871 2443 loce,

219 2467 366 2548 Scilicet,
391 2470 427 2532 ut
451 2469 564 2551 plures
588 2468 717 2550 possint
741 2469 965 2534 mercedulam
988 2468 1024 2533 in
1049 2486 1156 2532 annos

270 2572 413 2656 Exigere
436 2577 469 2638 et
493 2593 612 2657 magno
636 2593 742 2657 pauca
766 2575 884 2638 docere
912 2575 979 2638 diu.

221 2677 267 2741 Ut
285 2678 538 2760 Theophrastus
554 2680 610 2759 ait,
632 2681 716 2744 nihil
733 2683 784 2743 est
800 2679 982 2761 pretiosius
1013 2698 1154 2760 usquam

266 2783 431 2865 Tempore
455 2805 516 2848 nec
541 2785 635 2866 nugis
659 2786 728 2849 ulia
751 2787 892 2849 terenda
916 2785 999 2849 dies.

131 2889 170 2951 15
219 2888 383 2970 Frugibus
408 2890 531 2972 eloquii
555 2911 614 2954 vos
638 2892 828 2956 exsaturata
854 2890 967 2953 Latini

264 2994 463 3077 Eleatesque
488 2997 592 3076 dapes
615 3014 716 3061 aurea
738 3016 818 3060 vasa
841 2994 968 3060 ferenti

215 3098 346 3163 Cortice
370 3101 551 3165 verborum
587 3102 646 3165 sed
671 3105 810 3182 pectora
835 3103 945 3164 vestra
969 3101 1107 3165 latentis

264 3204 398 3270 Afficiat
422 3225 541 3270 sensus
565 3208 633 3271 ima
658 3207 802 3271 medulla
825 3206 944 3288 magis!

219 3304 287 3392 Τὴν
309 3307 564 3390 repromittentur
586 3303 701 3394 τεχνὴν
725 3332 806 3376 cane
830 3311 926 3392 peius
950 3315 983 3375 et
1006 3310 1105 3391 angui

126 3416 170 3478 20
266 3416 376 3480 Vitate
401 3421 434 3480 et
458 3418 624 3499 quidquid
646 3418 861 3498 simplicitate
885 3421 986 3496 caret,

214 3521 289 3585 Sint
312 3521 525 3605 Aegyptiacis
550 3524 687 3587 sinuosa
710 3522 919 3604 sophismata
945 3522 1051 3604 ranis,

262 3625 344 3690 Arte
369 3626 539 3692 cavillator
563 3627 686 3710 garriat
710 3646 816 3709 usque
841 3647 918 3707 sua;

214 3730 331 3795 Dulcia
363 3734 511 3796 sectetur
534 3752 745 3797 nummorum
772 3734 863 3797 lucra
887 3733 1032 3813 Felinus,

267 3837 456 3902 Prostituat
480 3837 586 3903 calido
609 3838 712 3902 rerba
736 3839 896 3920 dolosque
920 3838 1009 3918 foro;

124 3943 166 4004 25
214 3942 278 4005 Det
301 3942 421 4007 dubias
444 3943 565 4007 herbas
590 3944 772 4007 Themison
803 3944 940 4025 impune
964 3942 1101 4008 cubanti

262 4048 304 4111 Et
328 4047 476 4112 medicae
501 4048 590 4112 vires
615 4049 806 4130 experiatur
830 4050 921 4131 opis:

215 4154 282 4215 Vos
308 4154 410 4231 lucra,
434 4174 493 4217 ros
517 4156 641 4219 fastum
657 4174 829 4236 vanasque
852 4156 1029 4235 relinquite
1052 4173 1161 4232 curas,

264 4259 403 4337 Discite,
428 4279 506 4322 vera
529 4260 595 4341 piis
619 4261 709 4323 unde
733 4260 878 4341 petenda
901 4260 1006 4324 salus!
