2632 4718
472 591 693 659 ..59-

45 769 91 834 55
139 769 193 835 rel
226 768 315 854 legat
345 770 399 835 rel
429 770 594 836 exscribat
624 774 657 836 et
687 772 722 837 id
752 773 880 856 absque
911 773 980 838 ulla
1011 774 1114 838 inter-

139 877 298 942 missione
309 876 417 943 Iaciat.
435 877 705 960 Intelligetenim
718 879 832 962 paucis
842 880 960 946 diebus
973 881 1113 945 multum

12 1065 19 1076 ·
140 1005 177 1049 se
192 983 384 1067 profecisse.
425 985 497 1051 Hoc
513 985 597 1050 illud
620 988 718 1051 sonat
735 985 873 1051 Hesiodi
881 985 909 1069 ⁶)
930 985 1113 1053 aGuarino

139 1091 322 1157 Veronensi
347 1091 394 1156 sic
416 1091 688 1174 interpretatum:

143 1199 308 1278 „Parvula
331 1198 493 1264 silentes
517 1199 779 1283 superadjecisse
802 1198 932 1282 pusillis

45 1307 93 1372 60
163 1291 1109 1390 quuefrequens'peragasmagnuscumulaturacervus.“

141 1412 227 1477 Sunt
257 1415 293 1477 et
322 1414 388 1478 duo
420 1412 501 1478 vitia
530 1412 694 1495 imprimis
721 1414 872 1479 vitanda:
908 1414 1035 1494 Unum,
1070 1434 1112 1478 ne

139 1519 306 1603 incognita
328 1538 388 1604 pro
411 1519 553 1602 anguilla
575 1520 699 1586 habeat
721 1520 835 1603 eisque
858 1523 982 1586 temere
998 1540 1113 1585 assen-

139 1627 252 1692 tiatur.
301 1626 397 1705 Quod
420 1628 540 1692 vitium
563 1625 709 1709 effugere
733 1629 790 1710 qui
815 1629 914 1706 volet,
942 1626 1113 1692 adhibebit

141 1734 183 1798 ad
211 1733 470 1799 considerandas
506 1752 558 1798 res
594 1737 628 1798 et
661 1737 794 1818 tempus
829 1737 862 1799 et
897 1733 1111 1818 diligentiam.

139 1839 296 1905 Alterum
319 1843 372 1906 est
394 1839 527 1919 vitium,
561 1841 810 1923 quodquidam
835 1841 933 1906 nimis
957 1861 1113 1924 magnum

140 1945 287 2012 studium
310 1948 515 2030 multamque
538 1966 676 2031 operam
699 1947 734 2013 in
758 1967 811 2012 res
836 1948 995 2013 obscuras
1013 1950 1113 2030 atque

140 2051 292 2118 difficIles
331 2054 509 2120 conferunt
547 2054 749 2137 easdemque
789 2074 856 2120 non
898 2056 1112 2121 necessarias.

143 2160 288 2226 Proinde
305 2161 423 2226 caveat
438 2161 642 2238 adolescens
667 2181 709 2226 ne
734 2162 768 2226 in
792 2160 1020 2244 praestigiosis
1044 2162 1114 2227 dia-

140 2267 335 2334 lecticorum
358 2267 581 2350 captiunculis
597 2269 630 2333 et
646 2270 762 2351 argute
779 2267 986 2333 concinnatis
1002 2270 1114 2350 sophi-

142 2378 271 2439 starum
307 2375 486 2440 tendiculis
519 2377 664 2441 aelatem
698 2395 793 2440 suam
829 2375 948 2458 exigat.
1009 2376 1115 2454 „Sunt

141 2483 264 2560 enim“‚
281 2483 319 2547 ut
331 2481 527 2547 Aristoteles
534 2479 562 2566 ⁷)
577 2481 612 2546 in
625 2483 702 2546 VIII
715 2481 931 2548 Politicorum
948 2482 1115 2548 volumine

140 2588 270 2669 scribit,
309 2589 493 2671 „quaedam
522 2589 621 2654 etiam
654 2609 694 2654 er
729 2589 920 2654 liberalibus
955 2589 1114 2669 scientiis,

140 2715 225 2778 quas
269 2714 373 2779 usque
417 2695 460 2761 ad
501 2695 628 2778 aliquid
670 2697 796 2762 discere
841 2697 1018 2760 honestum
1057 2697 1115 2771 sit3

139 2802 275 2886 penitus
302 2822 382 2868 vero
416 2821 490 2868 sese
520 2802 587 2867 illis
621 2804 754 2869 tradere
784 2822 822 2868 ac
858 2803 900 2868 ad
930 2807 1114 2868 extremum

51 2913 68 2927 '
142 2928 249 2991 usque
271 2908 430 2994 persequi
453 2909 537 2974 velle
560 2912 707 2974 mentem
729 2912 925 2993 occupatam
953 2913 986 2974 et
1015 2908 1114 2974 vilem

141 3015 280 3081 reddit.“
307 3017 447 3098 Semper
459 3015 560 3099 Igitur
572 3017 613 3082 ad
630 3016 765 3081 altiores
782 3017 940 3081 scientIas
957 3020 1114 3098 properet

141 3123 241 3188 homo
254 3127 287 3188 et
300 3143 320 3187 a
332 3122 527 3188 liberalibus
540 3122 725 3204 disciplinis
737 3123 790 3187 vel
810 3123 853 3187 ad
869 3122 1115 3205 philosophiam

142 3229 193 3294 vel
217 3230 260 3295 ad
282 3228 457 3296 scientiam
481 3228 564 3294 iuris
587 3229 639 3294 vel
668 3229 711 3294 ad
740 3229 925 3294 medicinae
957 3229 1115 3312 peritiam

141 3336 195 3401 vel
218 3336 359 3401 maxime
382 3337 426 3402 ad
448 3355 561 3402 sacras
586 3335 712 3400 litteras
740 3341 872 3402 maturo
905 3337 1009 3418 gradu
1037 3355 1115 3400 con-

51 3445 97 3509 80
143 3445 257 3509 tendat
288 3463 366 3523 nec,
400 3444 428 3509 si
462 3444 589 3526 ubique
612 3442 799 3508 Tullianam
824 3443 1024 3526 elegantiam
1048 3462 1114 3506 non

142 3550 379 3632 deprehendat,
395 3550 470 3615 ideo
487 3549 600 3615 dirina
614 3550 783 3615 volumina
800 3550 945 3616 abiiciat.
989 3549 1112 3631 „Nolo“

141 3657 184 3721 ad
207 3657 384 3722 Paulinum
408 3656 558 3722 scribens
582 3657 689 3740 inquit
706 3656 966 3743 Hieronymusss)
992 3656 1115 3736 „offen-

142 3763 229 3828 daris
259 3765 295 3829 in
329 3763 504 3848 scripturis
536 3765 677 3843 sanctis,
713 3766 928 3848 slmplicitate
958 3769 992 3829 el
1019 3764 1114 3845 quasi

142 3870 270 3937 vilitate
309 3871 503 3950 verborum,
549 3889 635 3952 quae
678 3872 731 3936 vel
774 3871 853 3936 vitio
892 3873 1113 3953 interpretum

52 3979 96 4044 85
142 3979 195 4041 vel
230 3979 271 4042 de
307 3977 474 4042 industria
508 3976 555 4042 sic
590 3979 719 4061 prolata
753 3981 850 4059 sunl,
886 3981 923 4042 ut
957 3977 1114 4042 rusticam

142 4085 331 4150 contionem
358 4083 488 4149 facilius
518 4085 723 4149 instruerent
758 4087 791 4149 et
825 4086 861 4149 iu
895 4104 962 4150 una
997 4085 1113 4149 eadem

140 4190 304 4257 sententia
327 4191 423 4256 aliter
447 4193 574 4274 doctus
598 4191 694 4258 aliter
718 4192 849 4257 audiret
872 4190 1058 4257 indoctus.“
