2632 4718
485 695 728 762 -115-

186 879 339 960 Degener
362 876 397 941 in
421 874 537 942 foedos
561 873 674 939 deficit
697 873 753 937 ille
777 891 865 937 sues.

142 984 301 1068 Corporis
325 982 499 1048 illecebras
524 981 676 1063 quisquis
701 977 876 1044 devincere
900 974 1001 1053 norit,
1078 995 1081 999 ·

73 1095 119 1158 30
190 1091 288 1155 Hunc
312 1092 425 1155 manci
449 1089 484 1152 iu
508 1106 668 1170 superum
692 1086 832 1168 pulchra
856 1101 977 1146 corona
1001 1081 1113 1145 choro.

582 1353 638 1416 XI.

74 1499 141 1570 Ad
163 1496 390 1587 religiosum
420 1497 461 1564 ct
486 1490 800 1563 eruditissimum
827 1490 985 1576 patrem
1007 1483 1144 1555 Amol·

231 1603 329 1674 dum
350 1601 523 1686 Herok1)
545 1598 696 1669 ordinis
720 1593 986 1667 carthusiani.

104 1737 118 1796 l
147 1731 289 1796 Maxima
313 1728 487 1812 discipulis
511 1726 669 1791 statuisse
693 1725 826 1793 silentia
850 1729 958 1794 fertur

194 1837 406 1920 Pythagoras
431 1834 572 1917 pulchro
596 1851 736 1914 corpore
760 1838 961 1921 conspicuus

151 1945 252 2009 lussit
275 1946 308 2007 et
331 1941 374 2006 ad
397 1940 528 2006 facilem
552 1960 625 2004 sese
650 1945 844 2008 convertere
867 1945 990 2011 rictum

194 2049 359 2126 Mortales,
383 2050 421 2112 ui
445 2046 494 2111 eis
518 2065 659 2128 corpora
682 2066 764 2112 sana
788 2048 904 2115 forent.

105 2162 124 2224 5
150 2157 178 2220 Α
204 2155 319 2220 nitidis
342 2155 473 2238 pepulit
490 2137 612 2218 'earnes
637 2157 670 2217 et
694 2153 822 2220 riscern
845 2157 977 2233 mensis,

194 2262 257 2327 Cui
280 2281 387 2345 panes
412 2266 446 2326 et
469 2260 543 2325 olus
567 2260 702 2343 melque
726 2260 818 2326 luere
841 2262 916 2327 cibi.

151 2368 225 2444 Hic,
249 2368 326 2434 licet
349 2368 478 2433 excelsa
502 2367 584 2431 coeli
609 2367 743 2449 regione
768 2373 925 2447 remotus,

195 2476 306 2540 Mente
330 2477 443 2539 tamen
467 2473 564 2538 celeri
588 2493 624 2537 se.
648 2493 749 2556 super
772 2479 861 2540 astra
887 2476 970 2542 tulit.

151 2582 334 2647 Sexcentas
359 2579 470 2644 docuit
494 2579 632 2644 iuvenes
656 2579 720 2644 sub
744 2585 840 2647 nocte
864 2582 975 2647 silenti

84 2692 127 2753 10
196 2687 238 2752 Et
261 2687 421 2753 Calabras
445 2687 547 2750 urbes
571 2686 697 2768 legibus
721 2687 876 2753 instituit.

79 2779 82 2784 ¹
153 2793 262 2858 Huius
285 2792 414 2857 credita
438 2795 516 2856 sunt
540 2793 620 2857 clari
644 2793 697 2857 rel
721 2793 887 2876 Apollinis
911 2815 979 2873 ora,

199 2899 382 2964 Delubrum
408 2899 550 2975 Cereris
575 2919 670 2965 saera
695 2904 809 2966 vocata
834 2902 961 2968 domus.

154 3008 222 3072 Sed
246 3007 403 3089 quoniam
428 3026 527 3071 verae
550 3006 611 3071 suit
635 3028 754 3090 expers
778 3008 958 3093 relligionis

198 3113 240 3177 Ei
263 3112 383 3178 summi
407 3133 532 3178 vacuus
556 3113 746 3196 cognitione
772 3116 834 3191 dei,

89 3223 129 3283 15
155 3219 230 3284 Non
254 3219 336 3284 libet
360 3219 448 3283 illins
472 3239 574 3284 ranas
599 3221 777 3285 extendere
803 3223 928 3300 laudes,

198 3327 291 3391 Mens
315 3325 381 3391 alio
405 3330 564 3409 properat
587 3327 807 3411 versiculique
832 3329 909 3394 mei.

155 3432 393 3517 Agrippinensi
418 3433 565 3520 Brunoi)
588 3436 646 3517 qui
671 3438 771 3500 natus
795 3436 828 3499 in
854 3437 938 3501 urbe

201 3539 341 3620 Dicitur,
366 3544 416 3604 est
441 3541 560 3623 dignus
585 3540 735 3623 quolibet
758 3561 816 3606 ore
841 3543 926 3607 cani.

157 3646 280 3711 Nostra
302 3647 362 3711 sed
385 3646 473 3712 illius
497 3648 593 3730 longe
617 3647 795 3712 virtutibus
818 3648 927 3730 impar

92 3753 135 3817 ‘20
202 3752 277 3819 Non
300 3753 400 3818 audet
425 3754 496 3818 Clio
521 3755 667 3838 pondere
690 3774 809 3836 pressa
833 3755 933 3838 loqui.

158 3858 217 3924 llle
239 3858 343 3924 sacris
367 3859 508 3924 mulium
533 3863 684 3925 versatus
708 3862 743 3925 in
767 3861 894 3926 artibus
918 3862 995 3927 olim

204 3966 341 4031 Parisiis
365 3967 486 4030 celebri
511 3968 645 4032 nomine
669 3968 778 4032 clarus
802 3971 892 4048 eral3

158 4071 203 4135 At
225 4075 403 4154 postquam
427 4074 531 4138 tristis
556 4073 667 4138 didicit
694 4072 852 4138 miracula
876 4094 982 4152 casus

203 4178 369 4244 Continuo
393 4180 507 4244 mundi
531 4181 652 4261 gaudia
676 4180 835 4245 destituit.

93 4285 135 4348 25
159 4283 343 4349 Assumens
367 4285 515 4367 comites,
540 4285 711 4352 homiuum
736 4285 903 4352 consortia
926 4287 1046 4367 vitans,

948 4395 992 4463 8.
