2632 4718
78 368 84 487 l

547 557 766 623 ..95-

195 738 273 800 Sum
297 755 441 819 pauper,
467 734 580 800 mullis
605 754 698 818 egeo:
722 755 810 800 nunc
834 737 983 802 vestibus
1008 756 1097 825 usus

234 860 333 925 Nunc
356 880 443 943 opus
467 865 518 926 est
541 860 643 942 libris,
668 881 730 926 nec
752 861 925 926 toleranda
947 863 1060 927 fames.

192 986 318 1050 Recula
341 985 470 1051 crudeli
494 986 584 1051 bello
607 991 657 1051 est
681 987 811 1069 direpta
834 990 1021 1069 parentum,

124 1113 162 1194 8)
236 1110 407 1176 Hactenus
430 1111 573 1193 expendi
597 1114 694 1195 parta
718 1113 831 1176 labore
856 1112 955 1176 lucra.

192 1236 226 1300 Si
250 1237 475 1301 subveneritis
497 1238 617 1320 pretio,
641 1235 824 1320 profitebor
850 1237 1043 1306 Homerum„

236 1361 394 1427 Carmina
418 1361 565 1427 Lucretii
591 1362 792 1446 Vergiliique
816 1363 936 1442 libros;

195 1488 243 1552 Ex
266 1488 340 1552 odis
364 1487 473 1552 Flacci
499 1487 606 1552 varios
630 1507 830 1571 componere
854 1509 970 1554 versus

127 1615 183 1696 ll)
238 1612 287 1677 Ex
311 1613 423 1678 satiris
446 1633 557 1678 mores
580 1632 705 1696 rosque
730 1614 856 1678 docebo
880 1615 963 1697 pios

192 1738 365 1821 Quidquid
390 1737 558 1803 dictarunt
580 1739 646 1814 alii,
670 1759 744 1803 mea
767 1739 889 1804 scrinia
913 1743 1056 1820 servant,

237 1861 330 1939 Quae
353 1860 480 1927 Badius
493 1863 518 1947 ¹)
541 1863 686 1945 scripsit,
710 1863 820 1929 omnia
844 1864 930 1928 lecta
954 1863 1043 1927 mihi.

193 1987 329 2051 Persius
351 1988 515 2053 obscurus
538 1989 637 2071 vulgo
660 1987 800 2054 fortasse
824 1989 964 2067 videtur,

129 2114 185 2197 16)
237 2113 343 2176 Marte
366 2132 441 2177 meo
465 2112 585 2177 illustri
609 2113 736 2178 lumine
761 2113 870 2178 clarus
894 2113 967 2178 erit.

192 2238 298 2302 Marte
324 2257 397 2302 meo
420 2238 549 2302 mendis
574 2257 714 2303 vacuum
740 2238 915 2305 celebratis
939 2258 1089 2319 agonem,

239 2363 393 2436 Romani,
417 2363 566 2427 tenebris
590 2363 718 2428 obsitus
742 2366 819 2428 ante
843 2363 915 2428 fuit.

193 2487 277 2565 Quis
302 2491 450 2552 vestrum
474 2489 591 2554 merito
616 2509 668 2553 me
693 2489 904 2554 defraudabit
928 2490 1074 2553 honore?

125 2616 185 2696 20)
240 2615 307 2679 Sed
331 2615 417 2678 bene
441 2617 612 2679 nummato
636 2614 711 2679 vilis
736 2614 877 2679 habetur
900 2616 1022 2680 honor!

192 2738 270 2804 Sint
293 2739 375 2803 mihi
399 2759 461 2822 pro
486 2739 632 2804 numeris
657 2741 795 2818 nummi,
819 2760 879 2823 pro
896 2741 1043 2805 carmine
1061 2760 1189 2818 carnes

238 2865 302 2928 Pro
325 2863 427 2928 Musis
450 2865 570 2944 mulae,
595 2864 683 2929 sama
707 2865 750 2929 sit
774 2865 900 2947 absque
923 2864 1040 2930 lame.“

194 2989 285 3054 Haec
309 2988 456 3071 loquitur
479 2990 621 3067 Gaurus,
646 2990 753 3054 vitans
777 3010 859 3054 cane
883 2990 978 3071 peius
1003 2992 1037 3054 et
1061 3009 1166 3073 angue

125 3116 184 3197 24)
239 3113 447 3196 Pauperiem,
471 3134 608 3195 magnas
633 3115 713 3178 dum
736 3114 800 3179 sibi
826 3116 957 3197 quaerit
981 3134 1070 3196 opes.

195 3240 324 3322 Captus
348 3239 487 3304 avaritia
511 3259 578 3304 non
602 3240 757 3305 aestimat
778 3241 861 3304 assis
886 3241 1070 3304 honestum.

238 3363 303 3440 Qui
326 3364 480 3446 sophiam
504 3365 619 3445 nescit,
643 3366 843 3447 insipienter
866 3366 941 3448 agit.

192 3489 237 3552 At
261 3489 396 3571 sapiens
421 3489 550 3572 Lydum
574 3490 775 3574 contempsit
800 3490 985 3575 Pittacusl)
1009 3510 1137 3569 aurum,

126 3616 185 3699 ald)
241 3614 450 3678 Democritus
461 3615 489 3700 ³)
513 3616 603 3680 culto
627 3617 726 3681 corde
750 3616 888 3699 reliquit
912 3636 1017 3698 agros,

195 3739 238 3804 Et
262 3738 482 3825 Periander4)
506 3742 568 3806 ait:
596 3742 752 3821 „Nummi
777 3743 823 3806 nil
848 3742 964 3807 feceris
988 3743 1098 3824 ergo!“

239 3864 489 3949 Thebanusque
514 3866 670 3953 Crates-¹³)
693 3869 727 3930 in
750 3888 842 3931 mare
865 3869 943 3932 iecit
966 3887 1056 3949 opes,

193 3989 287 4054 Auro
311 3989 445 4054 divinus
470 3987 677 4068 Pherecydes
690 3987 715 4063 ⁶4»
741 3989 887 4070 dempsit
911 3989 1083 4063 honorem

125 4119 185 4201 3⁰2)
238 4115 333 4178 Unde
358 4114 465 4178 solent
490 4114 615 4176 homini
641 4113 742 4176 multu
766 4112 879 4176 uenire
904 4113 998 4178 mala.
