2632 4718
752 714 974 779 ,76-

439 912 516 957 rere
547 891 672 975 possit,
703 888 857 955 inomni
885 888 960 955 iure
988 886 1085 955 cirili
1119 890 1306 975 aequitate

375 1004 394 1065 5
443 999 554 1063 liciam
578 1018 670 1077 esse,
694 996 797 1061 rerba
824 994 898 1079 ipsa
922 996 1063 1060 retenta.
1117 996 1303 1063 Plurimus

441 1126 505 1187 qne
529 1126 639 1169 sermo
663 1104 836 1185 multaque
859 1098 966 1167 oratio
983 1119 1118 1183 eorum,
1144 1102 1212 1185 qui
1239 1102 1306 1169 iuri

441 1213 523 1276 dant
546 1230 693 1294 oporam,
718 1210 759 1275 de
775 1208 885 1273 vorbis
908 1226 948 1273 ac
970 1206 1059 1271 circa
1086 1228 1145 1273 res
1162 1228 1304 1275 comme

440 1320 502 1385 est.
515 1318 593 1381 inde
612 1319 665 1394 „el
676 1316 856 1379 verbosae“
870 1314 913 1379 ab
925 1310 1076 1398 Ovidio’)
1089 1314 1189 1396 leges
1207 1316 1313 1399 appel

441 1426 478 1487 ni
494 1422 567 1487 iure
600 1423 725 1486 dictum
753 1420 918 1495 rideatur,
941 1420 1027 1484 lianc
1058 1419 1150 1485 iuris
1181 1422 1315 1507 cognit'

440 1529 585 1610 peritum
609 1546 814 1611 quemquam
845 1524 1064 1605 nonfacere,
1095 1527 1160 1591 sed
1197 1528 1312 1593 insole

444 1634 642 1717 superbum,
666 1632 854 1711 crudelem,
878 1632 1058 1697 immanem
1088 1634 1127 1697 et
1156 1634 1205 1699 ab
1232 1655 1292 1699 om

442 1741 600 1805 monitate
616 1742 792 1819 remotum,
809 1738 872 1803 nisi
889 1738 1082 1821 quempiam
1097 1738 1193 1805 inter
1211 1742 1302 1807 innu

443 1848 529 1911 sorte
553 1850 671 1927 suapte
695 1848 815 1911 natura
842 1844 889 1909 ila
911 1844 1054 1925 probum
1077 1842 1262 1923 inveniaS,

444 1954 599 2018 fraudum
624 1950 822 2035 excogitatio
846 1950 986 2032 perdere
1009 1950 1094 2013 etin
1110 1954 1280 2019 ceterorn

377 2062 392 2123 i
442 2062 570 2122 trucem
595 2058 785 2137 avaritiam,
817 2060 890 2121 tum
917 2055 1119 2137 singularem
1154 2056 1300 2123 feritate

442 2184 516 2227 snm
540 2164 716 2245 profligare
740 2182 807 2225 non
832 2162 989 2244 potuerit.
1041 2160 1179 2242 Ecquae
1205 2166 1297 2229 tand

441 2271 493 2333 nis
525 2272 577 2333 est
611 2270 676 2333 alia
706 2268 900 2347 difficultas,
936 2268 1000 2331 nisi
1031 2267 1065 2330 in
1097 2267 1256 2351 aliquam
1290 2294 1299 2336 1

442 2379 569 2458 pestem
594 2377 779 2458 excogitata
803 2375 945 2439 versutia
967 2374 1175 2454 verbosaque
1201 2378 1316 2456 prudt

442 2482 627 2555 sirnnlalio,
663 2486 714 2555 ut,
750 2480 907 2563 quoniam
935 2480 987 2543 rix
1011 2499 1173 2562 tunquam
1212 2484 1301 2547 uuir

444 2588 571 2669 aliquid
596 2588 799 2657 irn'enialnr.
829 2590 866 2650 nt
890 2586 1081 2650 lala-lactari
1109 2588 1207 2667 parte
1231 2589 1309 2674 aliq

442 2693 559 2757 sulani
589 2714 655 2756 non
686 2695 807 2775 pinsit,
835 2695 908 2757 iure
939 2691 1123 2756 cavillatrix
1152 2694 1313 2774 cognitio

443 2800 654 2863 nominetur?

788 3030 941 3092 liXXXll.

669 3170 781 3238 Idem
804 3170 846 3237 in
870 3168 1020 3239 eodem.
1034 3172 1059 3253 1)

532 3333 575 3395 Αἰ
600 3333 674 3395 iura
698 3331 761 3395 ista
779 3333 931 3396 llomana
948 3329 1106 3394 aediculis
1130 3330 1196 3392 iam
1215 3330 1301 3413 ipsis

443 3438 541 3501 lineri
577 3458 643 3503 non
679 3442 837 3520 posenni,
873 3439 952 3501 dnm
988 3438 1022 3500 in
1057 3436 1128 3499 dies
1164 3438 1274 3500 maior
1313 3470 1316 3496 t

446 3544 754 3624 interprolantinrn,
778 3547 848 3607 inm
875 3543 1080 3605 rnlnminnru
1105 3541 1306 3609 multituda.

446 3672 585 3733 ciliorum
622 3650 734 3714 [alium
771 3650 941 3729 consurgit
979 3668 1128 3712 marrire.
1188 3648 1259 3712 Nec

380 3760 394 3817 ἴ
446 3757 763 3839 perniciosissinnun
787 3757 915 3820 cirilnm¹
940 3758 971 3818 ot
996 3755 1117 3819 exteris
1141 3755 1300 3819 ommibus

442 3865 489 3926 cis
521 3866 608 3927 staro
641 3864 769 3945 legibus
805 3863 1066 3945 conrpellunlnr)
1101 3861 1142 3923 iis
1172 3862 1305 3925 tollitur

442 3969 563 4050 quitos,
580 3971 640 4033 scd
657 3971 797 4052 nugetur
814 3968 1012 4039 immanitas,
1030 3968 1119 4032 omni
1136 3971 1275 4049 peccalo
1294 3970 1314 4032 d

444 4076 567 4157 (promti
593 4097 728 4159 (proquo
760 4077 858 4139 modo
887 4096 968 4139 ansa
991 4075 1188 4155 praebetur,
1220 4078 1256 4137 ut
1282 4096 1314 4139 m

444 4202 462 4243 a
487 4183 656 4264 plerisque
682 4182 944 4253 orationarios
969 4201 1036 4245 non
1059 4179 1209 4244 institiae
1235 4180 1311 4244 doct

357 4288 397 4351 lt)
442 4289 501 4351 scd
525 4288 719 4367 iniustitiae,
745 4308 811 4351 non
835 4287 1068 4367 lnnnanilatiS,
1098 4286 1154 4350 sed
1181 4286 1306 4351 imman

1295 3650 1310 3730 Α
