2632 4718
533 546 754 613 ..31-

200 724 362 813 Gellins²)
391 725 560 807 meminit,
594 746 634 793 ex
664 725 769 793 servis
800 726 835 793 in
862 727 1080 812 philosophos
1108 748 1176 795 non

166 899 169 904 .
201 834 387 900 incelebres
426 837 614 900 evaserunt.
676 835 837 900 Videmus
881 834 981 901 etiam
1024 835 1176 920 quotidie

201 942 340 1022 multos,
382 941 442 1024 qui
481 941 602 1024 alioqui
637 941 805 1025 opiliones
841 946 899 1008 aut
933 943 1063 1008 subulci
1098 942 1176 1008 facti

126 1048 162 1113 45
203 1053 328 1129 essent,
364 1049 572 1114 litteraturae
601 1047 766 1116 beneficio
798 1069 865 1115 non
896 1051 1081 1133 pecudum,
1117 1051 1176 1116 sed

201 1156 374 1222 hominum
396 1159 549 1240 pastores
570 1154 658 1231 fieri,
683 1176 750 1223 non
773 1155 901 1237 currui,
933 1158 992 1222 sed
1015 1157 1175 1223 ecclesiae

202 1263 364 1346 regendae
386 1261 533 1346 praefici.
557 1262 656 1341 Quod
679 1264 707 1328 si
730 1262 836 1328 forma
859 1263 988 1329 liberali
1005 1265 1176 1348 praeditus

202 1391 246 1451 ea,
270 1390 362 1448 cave,
386 1389 429 1435 ne
451 1369 542 1435 vitiis
565 1389 640 1436 earn
664 1369 881 1451 dehonestes3
905 1370 957 1435 sin
981 1375 1094 1437 autem
1118 1372 1176 1436 de-

202 1476 339 1543 formem
368 1480 402 1542 te
435 1480 556 1542 natura
585 1477 756 1560 produxit,
791 1478 880 1560 quod
914 1480 1044 1562 corpori
1073 1479 1176 1558 deest,

131 1582 167 1648 50
204 1584 304 1650 animi
327 1584 422 1649 cultu
446 1585 544 1649 stude
560 1603 787 1666 compensare.
813 1585 992 1649 Pomorum
1008 1586 1177 1669 quoddam

202 1711 306 1774 genus
337 1694 404 1771 est,
439 1710 525 1774 quae
554 1691 617 1755 sub
650 1691 741 1773 turpi
772 1694 873 1773 atquc
904 1710 1023 1773 aspero
1054 1692 1176 1757 cortice

202 1819 337 1864 suarem
360 1801 533 1864 asservant
555 1817 719 1882 saporem.
752 1798 887 1880 Ulysses
911 1817 979 1863 non
1001 1798 1176 1880 formosae,

201 1905 459 1971 facundissimus
482 1908 594 1970 tamen
617 1904 689 1970 fuit.
723 1905 759 1971 Si
775 1904 855 1970 item
872 1905 996 1971 divitiis
1013 1906 1175 1988 abundas

200 2013 289 2079 fluxo
313 2015 348 2077 et
369 2011 523 2078 mutabili
545 2013 634 2079 bono
657 2012 726 2078 noli
750 2011 929 2093 confidere,

127 2118 161 2182 55
202 2172 208 2185 .
232 2172 240 2185 .
266 2172 273 2185 .
302 2121 446 2204 „puncto
469 2121 559 2202 quod
582 2118 716 2185 mobilis
739 2120 852 2201 horae,

244 2226 343 2291 Nunc
365 2246 478 2310 prece,
503 2247 592 2292 nunc
614 2227 740 2310 pretio,
764 2246 853 2292 nunc
876 2227 924 2307 vi,
957 2246 1046 2290 nunc
1069 2229 1175 2292 morte

911 2352 1069 2417 suprema

245 2441 418 2506 Permutat
441 2440 594 2506 dominos
618 2442 650 2506 et
674 2440 763 2507 cedit
786 2443 822 2506 in
845 2441 949 2506 altera
973 2440 1054 2506 iura.
1063 2440 1109 2526 ³)“

199 2546 380 2612 Scientiam
407 2548 460 2613 vel
483 2548 574 2612 mille
598 2548 729 2630 tyranni
753 2548 882 2631 eripere
906 2566 973 2612 non
996 2549 1145 2631 possunt.

114 2654 155 2719 60
199 2653 448 2739 Aristippum4)
472 2655 646 2738 naufragio
669 2656 811 2720 eiectum
835 2655 1057 2736 omnibusque
1075 2655 1176 2719 rebus

199 2766 338 2827 exutum
361 2762 573 2846 philosophia
596 2782 663 2827 non
688 2761 843 2827 deseruit.
881 2761 1039 2827 Ovidium
1063 2763 1176 2826 Musae

199 2869 243 2934 ad
260 2869 362 2934 Getas
384 2890 491 2953 nsque
514 2871 691 2937 comitatae
714 2872 793 2934 sunt
809 2867 1032 2951 solatiumque
1049 2867 1175 2932 homini

197 2975 234 3040 in
265 2977 368 3042 tantis
396 2975 538 3043 miseriis
567 2977 750 3041 constituto
778 2975 912 3041 assidue
938 2975 1173 3041 exhibuerunt.

199 3083 236 3149 Si
260 3102 390 3167 pauper
413 3104 459 3163 es,
483 3085 524 3150 ad
548 3084 712 3149 bonarum
729 3083 851 3149 artium
868 3083 981 3148 studia
996 3086 1029 3146 te
1045 3083 1174 3162 confer3

108 3193 151 3257 65
198 3189 293 3256 brevi
317 3191 462 3256 ditesces
486 3195 554 3269 aut,
579 3191 669 3273 quod
691 3190 795 3273 magis
820 3210 838 3254 e
860 3210 896 3254 re
918 3192 977 3254 tua
993 3189 1065 3266 erit,
1090 3208 1176 3271 opu-

200 3297 337 3362 lentiam
368 3317 435 3363 non
466 3298 690 3381 concupisces.
747 3297 837 3375 Quid
868 3297 921 3361 vel
950 3297 1096 3361 medicos
1124 3296 1177 3361 vel

200 3403 444 3471 iureconsultos
460 3425 649 3484 memorem,
673 3424 814 3488 quorum
831 3406 990 3487 quaestus
1007 3405 1059 3468 est
1072 3403 1176 3468 multo

199 3512 415 3578 uberrimus?
460 3513 673 3579 Grammatici
713 3514 748 3576 et
781 3517 901 3594 poetae
936 3529 1176 3595 saepenumero

199 3639 335 3702 magnas
359 3640 441 3703 opes
465 3620 637 3686 consecuti
664 3623 753 3685 sunt.
800 3619 964 3701 Vergilius
996 3618 1176 3700 quotannis

111 3727 155 3792 70
201 3746 320 3791 aurum
345 3727 542 3809 parentibus
570 3727 640 3792 suis
670 3727 712 3791 ad
735 3727 964 3791 abundantem
986 3723 1176 3789 alimoniam

198 3833 393 3898 transmisit.
457 3833 618 3899 Horatius
668 3832 752 3912 „frui
795 3830 977 3916 paratis⁵)“
1026 3831 1173 3913 optabat.

199 3939 423 4024 Oppianus.⁶)
446 3941 503 4022 qui
527 3940 667 4024 piscium
691 3944 826 4006 naturas
849 3940 974 4005 Graece
991 3937 1176 4020 descripsit,

199 4047 338 4131 singulis
374 4050 487 4113 aureis
520 4068 636 4113 versus
671 4048 820 4129 singulos
849 4046 990 4112 feliciter
1023 4045 1174 4114 mutavit.
