2632 4718
544 704 763 775 ..50-

166 887 186 951 5
233 887 348 968 fertur,
372 886 408 953 in
431 885 580 953 medium
603 884 845 971 prolatatum
868 887 963 971 vult,
994 889 1097 973 legat.
1138 888 1190 955 Sed

233 995 343 1077 qualis
380 994 499 1075 fuerit,
533 994 721 1077 quantique
758 994 958 1060 constiterit
995 996 1108 1062 Clodii
1138 996 1190 1061 Ae
1234 1026 1241 1061 ι

232 1101 322 1185 sopi,
354 1100 472 1183 tragici
501 1099 685 1183 histrionia,
719 1100 846 1183 patina,
887 1120 932 1167 ex
964 1102 1074 1169 Plinii
1097 1103 1125 1167 X
1145 1122 1191 1167 na-

234 1208 350 1273 turalis
373 1208 533 1275 historiae
558 1207 663 1287 uero,
694 1208 804 1291 capita
827 1206 909 1289 Lm
942 1210 1112 1293 requirat.
1154 1211 1192 1275 oe
1237 1186 1241 1301 t

233 1313 401 1379 hiinerrac
429 1334 508 1379 vcro
537 1314 653 1397 clypeo
685 1312 792 1379 discat
831 1312 897 1381 hoc
932 1336 979 1381 ex
1008 1316 1193 1401 Suetoniui)

234 1422 487 1505 depromptum:
528 1420 720 1501 „vitellius‚
754 1419 994 1487 Romanorum
1019 1425 1193 1507 imperatur

149 1529 189 1592 10
234 1526 411 1609 singularis
446 1526 612 1607 luxuriae,
652 1526 806 1592 ducentis
841 1528 1017 1594 sestertiis
1054 1531 1193 1597 condidit

233 1633 394 1716 patinam,
426 1632 480 1698 eui
511 1632 687 1698 faciundae
710 1634 760 1713 (ut
784 1632 915 1697 Plinius
923 1632 958 1719 4)
990 1636 1058 1721 ait)
1088 1639 1193 1704 lenm

234 1741 269 1803 in
293 1742 420 1823 campis
453 1739 629 1804 aedificata
659 1742 740 1805 erat.
796 1738 893 1805 Hanc
920 1740 968 1807 ob
1004 1742 1194 1809 immensam

234 1845 497 1928 magnitudinem
535 1846 689 1927 clypeum
724 1846 891 1911 Minervae
928 1847 1135 1932 dictitabat,
1165 1851 1193 1915 iu

235 1972 302 2033 qua
325 1971 494 2017 scarorum
517 1952 678 2031 iocinera,
701 1950 945 2035 phasianorum
969 1958 1009 2019 et
1034 1977 1198 2041 pavonum

150 2062 189 2122 15
237 2059 416 2135 cerebella,
455 2057 583 2141 linguas
621 2058 940 2141 phoenicopterum,
981 2080 1201 2129 murenamm

238 2166 339 2228 lactes
364 2186 383 2228 a
406 2164 588 2245 Carpathio
614 2184 720 2247 usque
743 2164 896 2246 fretoque
923 2164 1124 2249 Hispaniae
1147 2191 1200 2253 per

239 2271 422 2335 navarchus
447 2291 484 2334 ac
508 2271 661 2335 triremes
686 2271 866 2353 petitarum
883 2276 1121 2342 commiscuit.
1161 2280 1202 2342 lle

237 2379 299 2440 hae
323 2376 423 2458 igitur
439 2377 615 2441 Vitelliano
637 2376 750 2458 patina
767 2377 937 2441 hiantuani
964 2380 1085 2447 locum
1109 2386 1204 2448 intel-

236 2484 405 2564 ligendum
441 2504 515 2547 esse
544 2484 601 2565 qui
633 2503 697 2547 nou
728 2484 834 2561 ridet,
870 2485 904 2547 iu
940 2486 1046 2551 burris
1087 2492 1205 2555 litteris

148 2594 190 2655 ⁰20
236 2590 384 2673 prolecto
409 2590 491 2653 nihil
517 2592 614 2654 ridet.

626 2785 690 2848 tx.

126 2906 260 2975 Locus
277 2925 327 2975 ex
343 2906 638 2994 epigrammatis
660 2906 838 2976 eiusdem
862 2906 916 2976 ad
931 2907 1171 2985 Falconem·
1181 2920 1205 3000 ¹)

326 3052 393 3114 Sed
417 3050 478 3113 hue
503 3050 644 3115 sortasse
668 3050 886 3129 tolerabilius
914 3051 998 3116 illud
1024 3075 1110 3119 rero
1135 3079 1202 3123 nru-

236 3155 285 3237 gis
310 3156 498 3227 ridiculum,
524 3157 613 3239 quod
638 3156 778 3221 allertur
801 3158 836 3221 in
852 3158 1005 3222 eiusdem
1024 3160 1201 3229 Mantuani

239 3282 372 3325 versum
397 3264 431 3326 in
455 3263 702 3344 epigrammatis
726 3264 768 3327 ad
794 3264 990 3330 Falconem:

289 3368 431 3451 „Fagina
455 3373 618 3450 gernrrrato
643 3370 873 3450 dactylotheca
897 3369 1007 3434 sinu.“

173 3476 192 3537 5
243 3475 322 3553 „Est
335 3478 445 3538 autem
460 3476 700 3553 dactylotheea,
713 3496 814 3556 quam
827 3474 1052 3541 chirothecam
1068 3486 1200 3553 vocant,

241 3604 260 3646 a
285 3582 423 3663 atractylis
446 3582 467 3645 i.
493 3581 603 3663 digitis
621 3583 738 3647 dieta.“
780 3582 873 3647 Bone
896 3584 957 3662 rir,
981 3586 1040 3665 qm
1067 3587 1198 3653 littera-

239 3708 312 3752 rum
331 3688 555 3752 monumentis
572 3688 662 3753 istud
679 3688 867 3771 prodidisti,
892 3690 956 3769 dic,
975 3710 1115 3772 quaese,
1140 3716 1198 3759 no-

237 3795 300 3867 his,
337 3794 394 3859 uhi
430 3794 578 3876 geritium
619 3794 763 3875 saginam
798 3796 923 3860 rideris
957 3798 1195 3865 chirothecam.

238 3902 312 3977 Qua
336 3901 364 3964 si
389 3921 508 3965 manus
532 3904 592 3965 tua
619 3901 736 3965 suisset
760 3901 886 3981 induta,
910 3921 978 3967 nun
1002 3906 1054 3969 tot
1078 3909 1196 3971 erratis

152 4008 192 4071 10
238 4008 390 4071 credulos
408 4008 587 4070 multorum
610 4007 677 4071 tuis
705 4008 950 4073 commentariis
974 4012 1101 4077 temere
1119 4034 1196 4079 eon-

236 4112 414 4177 fidentium
438 4114 568 4178 arrimos
591 4114 787 4178 habuisses!
829 4116 940 4197 Longe
965 4120 1080 4183 autem
1104 4120 1195 4185 aliud

214 4304 240 4376 t)
259 4306 293 4361 B:
312 4306 349 4359 in.
