2632 4718
551 567 764 631 ..23-

601 796 718 861 XVIII.

519 953 583 1024 Ad
605 953 794 1025 Brullum.

194 1116 393 1199 Lanigerum
415 1117 515 1182 tonde
539 1135 651 1199 pecus,
676 1120 710 1181 at
733 1118 912 1200 deglubere
935 1117 1018 1196 noii3

128 1241 165 1324 h)
240 1241 322 1306 Fine
345 1242 509 1325 modoque
533 1261 649 1306 carens
673 1242 770 1308 laude
794 1245 827 1306 et
850 1242 976 1308 honore
999 1244 1107 1307 vacat.

618 1474 700 1538 XIX.

524 1612 588 1684 Ad
610 1613 792 1684 eundem.

193 1759 228 1825 Si
254 1779 317 1837 me,
340 1758 465 1835 Brulle,
489 1759 585 1841 cupis
609 1760 780 1823 mordaces
804 1778 929 1841 ponere
952 1778 1081 1839 versus,

238 1883 288 1947 Ne
313 1903 365 1947 me
389 1882 590 1948 ronchisono
614 1883 823 1947 rhinocerote
847 1885 935 1948 nota.

193 2010 334 2074 Possum
359 2008 514 2091 equidem
538 2009 648 2073 laesus
672 2008 852 2092 genuinum
882 2006 1018 2092 infigere
1044 2008 1190 2091 dentem,

126 2132 163 2216 4)
239 2133 305 2198 Sed
328 2133 423 2216 parvi
447 2152 570 2198 sannas
594 2133 741 2214 aestimo,
765 2134 889 2212 niune,
913 2138 999 2199 tuas.

193 2257 235 2322 Ni
258 2261 291 2323 te
315 2258 512 2341 prodideris,
536 2260 711 2323 traducere
736 2259 812 2324 nolo
835 2280 895 2342 per
919 2261 1051 2339 nrbem3

236 2382 312 2448 Non
336 2383 473 2467 elephas
497 2384 636 2448 culicem
661 2384 808 2449 conterit.
857 2385 932 2466 Ipse
955 2386 1045 2449 tace!

193 2509 305 2574 Pelleo
327 2509 439 2574 iuveni
465 2528 548 2592 quos
571 2529 627 2573 rex
653 2509 824 2573 donaverit
847 2509 936 2590 olim,

128 2636 165 2719 8)
239 2634 361 2699 Albani
386 2635 500 2699 damas
524 2653 590 2699 non
615 2635 743 2717 petiere
768 2654 877 2700 canes,

622 2867 688 2931 XX.

445 3007 505 3077 De
528 3006 670 3096 culpae
695 3008 864 3078 conscio.

193 3154 314 3216 Verum
338 3172 445 3228 nemo,
470 3151 535 3215 nisi
559 3152 677 3234 culpae
701 3153 745 3216 sit
768 3153 930 3231 conscius
955 3155 1026 3218 odit

126 3281 162 3362 I)
237 3278 347 3342 Verba
370 3277 450 3342 facit
473 3277 551 3341 iusti
576 3279 688 3341 mente
712 3277 821 3343 aliena
845 3279 913 3360 pili.

614 3509 696 3575 XXI.

239 3650 378 3745 Qualis
401 3651 522 3722 debet
545 3669 633 3722 esse
656 3656 962 3741 praeceptorum
984 3653 1075 3724 vita.

193 3797 269 3861 Vita
292 3796 508 3878 magistorum
533 3795 624 3859 viIiis
648 3796 791 3860 obnoxia
815 3796 926 3871 nullis,

238 3921 451 4005 Archetypon
475 3922 561 3986 ritae
585 3921 627 3985 sit
650 3923 890 4005 speculumque
915 3922 998 4003 piac.

193 4047 260 4111 Sed
283 4045 361 4128 quia
384 4066 476 4110 more
500 4047 586 4110 malo
611 4065 690 4111 snus
715 4047 869 4111 omnihus
893 4046 1014 4112 insitus
1038 4067 1130 4112 error

127 4173 163 4255 d)
238 4171 279 4236 Et
303 4171 386 4236 citra
410 4172 542 4254 culpam
568 4171 620 4236 vix
644 4172 808 4254 reperitur
832 4172 942 4253 homo,
