2632 4718
522 706 741 773 ..14-

205 884 426 963 diminutum,
472 882 570 949 cuius
612 881 798 965 integritati
842 882 1027 967 quippiam
1073 882 1172 949 deest

207 989 394 1075 Persius:²)

124 1098 165 1161 10
253 1098 399 1177 „Tecum
430 1096 547 1163 habita
570 1100 605 1161 et
643 1095 753 1175 noris,
781 1114 885 1179 quam
912 1096 960 1161 sit
986 1094 1053 1161 tibi
1080 1098 1174 1161 curta

875 1200 1067 1285 supellex.t

206 1308 349 1385 Idem-⁸)

253 1414 316 1494 ,Et
339 1417 475 1479 centum
498 1414 645 1479 Graecos
667 1417 764 1479 curto
786 1418 944 1479 centusse
968 1412 1125 1479 licetur.“

206 1520 355 1603 Angelus
379 1519 565 1585 Politianus
588 1522 624 1584 in
647 1517 870 1603 llabilium2⁸)

127 1627 165 1687 15
253 1626 389 1701 „Altera
411 1628 507 1689 curta
529 1624 591 1689 tibi
613 1625 705 1689 solea
727 1628 779 1689 cst
801 1628 1017 1707 auriumque,
1045 1625 1172 1699 itabili,

273 1730 439 1811 Subligar,
455 1734 638 1813 erumpunt
652 1729 731 1797 hinc
749 1730 857 1813 digiti,
873 1730 951 1795 hinc
967 1734 1169 1796 veretrum.“

210 1838 351 1915 „Curta“
377 1836 479 1917 igitur
501 1837 629 1919 syllaba
651 1854 720 1901 non
749 1836 900 1915 ,breris“
933 1834 1082 1901 dicenda
1112 1840 1172 1913 est,

207 1942 266 2006 sod
289 1962 340 2021 ea,
363 1943 417 2006 cui
441 1943 552 2021 deest,
576 1942 666 2024 quod
689 1940 762 2005 eius
786 1940 970 2022 integritati
995 1942 1173 2021 debeatur,

206 2053 245 2113 ut
265 2050 293 2113 si
318 2049 446 2130 absque
467 2047 682 2130 aspirationis
709 2050 789 2112 nota
815 2046 984 2111 scribatur
1008 2052 1071 2113 aut
1095 2068 1173 2132 pro·

123 2155 168 2218 ⁴20
208 2156 334 2219 seratur
352 2154 534 2231 ,Cristus“.
582 2154 695 2217 Prima
727 2153 853 2235 syllaba
881 2153 984 2218 huius
1013 2154 1173 2220 dictionis

208 2263 259 2323 est
290 2261 435 2338 ,curta“,
471 2280 571 2341 quam
603 2259 823 2324 nihilominus
855 2261 995 2340 produci
1027 2265 1172 2325 constat.

209 2366 245 2429 Si
272 2370 382 2441 „ctas“
409 2385 471 2447 per
494 2386 513 2427 c
536 2366 644 2429 solum
671 2365 721 2429 rel
748 2365 863 2444 „lelix“
889 2365 1066 2444 scribatur,
1096 2386 1172 2430 cum

210 2473 296 2535 desit
319 2472 369 2534 rel
398 2478 454 2549 ,a“
483 2472 533 2534 rel
561 2479 633 2549 „0“,
657 2473 786 2535 curtam
809 2470 972 2535 eiusmodi
1006 2472 1172 2553 syllabam

210 2577 385 2639 dicendam
409 2598 483 2640 esse
507 2597 605 2641 nemo
629 2577 851 2641 dubitandum
875 2580 980 2658 putet.

594 2808 681 2871 Vlll.

170 2945 374 3034 Imperitia
397 2945 573 3016 Graecae
596 2944 754 3034 linguae
777 2946 990 3035 plerosque
1014 2946 1112 3017 falli.

299 3107 351 3171 Ob
375 3107 615 3188 ignorationem
632 3108 833 3171 Graecarum
857 3108 1044 3172 litterarum
1069 3128 1175 3191 saepe

210 3214 325 3295 lapsus
349 3215 401 3277 cst
424 3213 630 3291 Alexander,
655 3213 748 3276 utin
773 3214 825 3277 his
849 3213 1071 3279 dictionibus:
1095 3215 1174 3280 Ido-

210 3320 323 3403 tum1),
341 3338 494 3383 mamona
502 3320 539 3403 ²),
556 3319 754 3402 aprorum),
771 3318 950 3403 lacobus4)
966 3322 1001 3384 et
1017 3319 1052 3383 id
1068 3341 1175 3403 genus

210 3423 293 3489 aliis.
341 3424 540 3489 Scribuntur
563 3424 651 3488 enim
668 3424 759 3505 apud
776 3424 921 3490 Graecos
945 3445 1006 3509 per
1030 3450 1057 3488 ω
1081 3446 1174 3509 mag-

149 3532 168 3595 5
212 3550 301 3609 num,
325 3533 416 3611 qurrd
433 3550 565 3613 semper
598 3530 812 3613 producitur:
847 3531 994 3609 εἴδωλον,
1022 3528 1174 3615 pipern,

210 3627 374 3714 ἄπτωτον,
409 3630 564 3718 Ιάκωβος.
622 3638 776 3701 blamona
810 3657 920 3719 neque
949 3638 1075 3703 Graeca
1109 3658 1176 3703 rox

211 3746 261 3807 cst
285 3762 346 3807 nec
371 3742 552 3817 Hebraica,
582 3744 642 3807 sed
666 3743 813 3822 Syriaca,
844 3746 882 3807 ut
905 3743 1050 3808 ostendit
1074 3744 1175 3810 dirus

214 3848 488 3932 llicronymusi),
513 3847 600 3913 idem
625 3850 715 3931 apud
732 3850 832 3931 Syros
856 3848 1057 3930 significans
1083 3854 1176 3933 quod

211 3956 302 4037 apud
326 3956 471 4020 Graecos
497 3955 687 4034 ηπλοῦτοςξ
716 3974 815 4037 quem
839 3955 886 4019 illi
912 3957 1011 4020 deum
1033 3954 1175 4021 faciunt.

129 4065 172 4128 10
212 4062 271 4125 Est
294 4062 382 4125 enim
398 4080 461 4123 vox
485 4061 662 4143 singularis
687 4061 815 4125 numeri
837 4063 967 4144 generis
984 4062 1174 4128 masculini.

213 4168 289 4233 Non
321 4168 373 4231 est
402 4165 501 4249 igitur
524 4167 727 4230 credendum
750 4167 1005 4247 Alexandrinis,
1029 4167 1087 4249 qui
1110 4169 1176 4233 hoc

213 4294 336 4339 nomen
359 4271 471 4337 neutri
495 4272 625 4354 generis
649 4271 786 4338 iaciunt.
