2632 4718
618 719 838 786 -68-

307 897 433 963 Stravit
456 901 489 962 et
512 897 651 962 hostiles
675 897 806 964 rettulit
829 897 975 964 exuvias.

265 1005 348 1082 Quis
373 1007 534 1080 numeret,
559 1009 641 1087 quot
663 1004 695 1069 ri
718 1007 809 1089 cepit
831 1006 976 1084 castella,
1001 1010 1082 1088 quot
1106 1008 1207 1071 urbes

308 1111 455 1192 Depulsa
478 1115 569 1177 tutas
593 1111 767 1177 obsidione
791 1112 909 1177 dedit?

199 1219 241 1281 25
267 1218 342 1281 Non
367 1237 465 1282 caeso
488 1219 610 1282 meruit
634 1219 777 1283 Parthus
801 1219 980 1300 praeconia
1003 1220 1123 1284 Crasso

308 1324 416 1389 Tanta
440 1344 503 1388 nec
526 1325 633 1390 euicto
658 1324 798 1390 Graecia
821 1325 927 1390 Xerxe
951 1325 1029 1403 lero,

262 1431 397 1508 Quanta
420 1431 640 1514 superborum
664 1431 782 1496 victrix
805 1432 886 1496 urbs
910 1451 976 1497 una
1000 1435 1148 1497 meretur

307 1538 372 1601 Tot
397 1557 520 1620 regum,
546 1537 716 1613 comitum,
741 1541 791 1603 lot
816 1538 1008 1621 pariterque
1032 1540 1165 1603 dueurn.

265 1645 334 1708 Nec
360 1646 490 1708 tanturn
514 1643 604 1708 bello
627 1645 749 1710 lamam
774 1645 939 1727 quaesivit
963 1649 997 1711 et
1020 1645 1128 1719 annia,

198 1754 241 1816 30
312 1749 556 1815 verumetiam
581 1751 673 1834 pacis
697 1750 825 1816 artibus
850 1755 940 1816 astra
962 1752 1058 1833 polit.

263 1859 348 1923 Tota
372 1858 451 1922 colit
475 1857 656 1937 Christum,
682 1878 821 1940 superos
846 1860 926 1923 urbs
951 1861 1020 1924 tota
1043 1863 1189 1936 veretur,

308 1963 454 2046 Hospitii
478 1963 586 2046 dignis
610 1965 750 2046 iuraque
775 1966 865 2029 nulla
889 1967 994 2047 negat.

265 2072 397 2136 Ditibus
421 2071 628 2152 obsequitur,
656 2070 746 2135 victu
771 2071 896 2137 solatur
920 2091 1051 2154 egenos,

311 2179 411 2242 Veste
434 2175 514 2260 tegit
539 2179 656 2253 nudos
680 2178 836 2242 omnibus
860 2198 968 2260 aequa
990 2178 1079 2243 tacit.

197 2287 238 2350 35
263 2284 456 2349 Coclituum
480 2303 591 2347 sacras
615 2285 715 2348 aedes
740 2286 783 2348 ad
806 2285 916 2348 sidera
941 2285 1029 2348 ducit

309 2390 420 2471 Atque
445 2391 636 2454 sacerdotes
660 2411 735 2454 cum
759 2390 883 2471 pietate
908 2393 1023 2454 nutrit.

265 2496 413 2579 Suspicit
437 2496 584 2560 excelsas
609 2496 777 2561 doctrinae
802 2517 940 2560 munere
965 2501 1103 2575 rnenleS,

308 2603 483 2668 Moenibus
508 2584 652 2667 extrudit
674 2603 787 2686 turpia
811 2622 964 2684 quaeque
987 2604 1112 2683 procul.

263 2710 389 2774 Educat
412 2711 556 2774 lrurnane
580 2711 707 2792 prolern
732 2711 788 2792 pia
812 2730 892 2773 cura
915 2712 1092 2792 parentum

196 2819 239 2881 40
307 2817 465 2881 Etiubet
489 2816 640 2900 ingenuis
665 2818 793 2881 artibus
818 2817 958 2881 institui.

262 2923 438 2987 Consultat
461 2925 595 3006 sapiens
620 2925 661 2987 de
685 2923 814 2988 cunctis
839 2924 901 2987 rite
925 2927 1060 2988 senalus

307 3030 376 3094 Nec
400 3031 464 3093 cito
489 3029 616 3094 desistit
642 3050 702 3094 nec
725 3033 851 3093 ternere
875 3031 1073 3111 aggreditur.

262 3136 397 3214 Delirat,
422 3136 573 3220 quisquis
598 3137 763 3200 collaudat
789 3137 886 3200 rnolle
910 3137 1104 3212 Tarentum,

307 3243 465 3307 llileturn·
482 3243 540 3324 qui
564 3245 635 3307 rult
660 3244 780 3319 dicere,
805 3246 916 3307 mente
941 3247 1039 3308 carel.

194 3351 236 3412 lai
265 3350 362 3426 llrhs,
387 3369 472 3431 quae
497 3371 557 3413 nos
581 3350 705 3432 genuit,
730 3350 870 3414 blandas
896 3370 962 3414 non
986 3350 1113 3433 appetit
1139 3352 1227 3414 ultro

307 3456 460 3534 Deliciae,
485 3458 543 3520 sed
568 3476 628 3520 nec
653 3456 835 3521 rusticitate
858 3455 958 3538 sugit3

262 3562 350 3639 Quin
374 3561 420 3626 ita
442 3562 605 3627 iucundas
630 3583 682 3626 res
707 3564 927 3641 emoderatur,
952 3565 986 3626 ut
1011 3562 1123 3626 obsint

306 3669 425 3733 Virtuti
449 3670 547 3734 bellis
572 3669 781 3752 ingeniisque
808 3670 900 3733 nihil.

262 3775 457 3840 Grarnineos
482 3796 628 3858 campos,
653 3776 802 3859 piscosos
825 3777 975 3858 possidet
998 3795 1122 3845 amnes.

195 3884 237 3945 50
306 3882 513 3947 Glandiloras
539 3883 648 3957 silvas,
673 3883 810 3965 pinguia
835 3903 913 3947 rura
936 3885 1040 3946 tenet.
1137 3901 1139 3908 ·

263 3991 410 4053 llarnosa
435 3989 489 4053 lric
513 3990 609 4054 vivax
633 3990 780 4053 ostendit
804 4008 930 4055 cornua
953 4009 1079 4066 cernua,

305 4095 375 4158 Illic
400 4096 617 4160 transfoditur
641 4098 741 4161 dente
764 4096 932 4160 timendus
956 4115 1046 4178 aper.

262 4202 351 4265 llille
376 4202 478 4266 bores
503 4204 623 4268 lrerbas
647 4222 707 4284 per
731 4203 839 4267 dulcia
863 4223 987 4284 pascua
1011 4206 1160 4283 carpunt,

308 4309 489 4390 turrigerae
514 4311 637 4390 passirn
662 4310 752 4373 rnille
778 4310 932 4374 ridentur
956 4331 1045 4375 ores.
