2632 4718
525 794 742 860 -91..

215 969 384 1035 dementia
407 972 457 1034 est
481 991 689 1054 supervacua
714 971 842 1036 discere
867 973 902 1035 in
926 974 1019 1037 tanta
1042 974 1170 1056 tempo-

215 1075 259 1138 ris
284 1078 451 1158 egestate!

611 1255 663 1318 Cl.

557 1376 679 1445 Idem.
689 1380 715 1462 ¹)

216 1535 305 1613 Quid
340 1540 373 1600 te
402 1539 541 1618 torques
576 1541 609 1600 et
642 1558 790 1602 maceras
828 1538 862 1601 in
899 1559 938 1603 ea
966 1538 1171 1621 quaestione,

215 1662 317 1723 quam
341 1643 499 1707 subtilius
523 1646 572 1707 est
589 1643 842 1725 contempsisse,
860 1664 961 1727 quam
978 1643 1126 1709 solvere?

603 1907 673 1971 CII.

140 2045 408 2134 Hieronymus
430 2047 474 2116 in
497 2048 783 2118 commentario
807 2047 1000 2136 epistolae
1023 2049 1136 2119 Pauli

513 2154 566 2223 ad
589 2154 733 2224 Titum.
746 2155 769 2237 ¹)

305 2314 493 2394 Dialectici,
523 2336 665 2397 quorum
696 2315 891 2379 Aristoteles
923 2316 1081 2399 princeps
1109 2319 1171 2398 est,

216 2421 325 2484 solent
353 2422 679 2501 argumentationum
707 2423 792 2485 retia
822 2423 958 2485 tendere
988 2424 1022 2485 ct
1055 2442 1172 2502 ragam

219 2527 403 2591 rhetoricae
443 2527 628 2591 libertatem
667 2527 701 2591 in
740 2528 1005 2609 syllogismorum
1040 2529 1173 2609 spineta

224 2633 433 2698 concludere.
487 2633 530 2697 Hi
565 2654 660 2716 erg0,
689 2634 746 2715 qui
781 2635 816 2697 in
851 2653 890 2697 eo
925 2635 1014 2698 totos
1043 2635 1113 2697 dies
1141 2636 1175 2698 et

152 2742 170 2804 5
218 2742 333 2804 noctes
363 2742 544 2817 steterunt,
576 2743 612 2804 ut
641 2741 695 2804 vel
724 2740 930 2820 interrogent
952 2740 1004 2803 rel
1035 2759 1172 2822 respon-

218 2847 317 2909 deant
340 2846 392 2909 rel
417 2846 498 2909 dent
520 2846 782 2926 propositionem
801 2846 853 2909 rel
878 2845 1053 2926 accipiant,
1078 2865 1172 2909 assu-

218 2956 321 3029 mant,
345 2951 540 3016 confirment
557 2957 658 3033 atque
676 2952 885 3023 concludant.
910 2952 1073 3033 quosdam
1092 2971 1172 3015 con·

218 3059 380 3121 tentiosos
404 3062 539 3134 vocant,
564 3059 631 3139 qui,
656 3059 694 3121 ut
718 3058 818 3133 libet,
849 3077 915 3121 non
940 3059 1085 3135 ratione,
1114 3059 1174 3122 sed

218 3165 389 3228 stomacho
427 3165 600 3246 disputent
636 3164 848 3245 litigantium.
903 3164 937 3227 Si
973 3163 1074 3245 igitur
1110 3164 1173 3228 hoc

131 3272 172 3334 10
216 3268 353 3347 iaciunt,
383 3290 526 3351 quorum
556 3269 692 3353 proprie
721 3290 775 3333 ars
805 3269 971 3333 eontentio
1003 3271 1068 3347 est,
1093 3269 1174 3350 quid

220 3377 320 3439 debet
343 3376 451 3440 lacere
475 3375 687 3456 christianus,
713 3374 776 3438 nisi
800 3376 935 3439 omnino
958 3375 1072 3456 iugero
1094 3394 1173 3438 eon-

219 3483 429 3547 tentionem?

597 3677 683 3740 CIII.

449 3817 560 3886 Idem
583 3817 626 3885 in
648 3816 799 3885 eodem.
812 3817 838 3901 ¹)

308 3979 397 4056 Quid
420 3978 509 4043 enim
532 3979 678 4060 prodest,
703 3975 918 4058 epulantibus
947 3975 1045 4039 labiis
1070 3979 1101 4040 et
1125 3977 1173 4040 la-

219 4088 309 4149 [ratu
336 4085 461 4166 garrire
495 4104 630 4161 canum,
663 4103 739 4147 cum
770 4083 910 4164 simplex
938 4084 972 4145 et
1003 4083 1173 4147 moderata

219 4192 392 4274 responsio
417 4195 474 4256 aut
497 4192 605 4272 possit
628 4193 660 4254 te
686 4191 834 4272 placare,
859 4188 887 4252 si
911 4209 990 4254 vera
1013 4187 1079 4267 est,
1103 4193 1172 4269 aut,

219 4301 247 4363 si
273 4299 364 4378 salsa,
389 4299 509 4363 leniter
532 4320 552 4364 a
575 4301 609 4362 te
634 4301 666 4363 et
689 4296 896 4379 placabiliter
919 4295 1112 4378 emendari?

1172 4376 1240 4458 Ι
