2632 4718
254 116 338 195 siqui
374 115 509 176 ommno
547 114 705 175 irulorilrs¹
747 118 774 173 et
816 116 990 174 lituu-‘trusi
1030 113 1110 175 siut.
1153 134 1226 173 <uos

257 224 442 303 capell-asro
469 227 607 303 [iustruit
633 227 661 281 et
689 221 870 299 supientiae
897 220 1005 280 slutlia
1038 220 1227 280 molanum

254 332 392 394 cedant:
424 349 539 391 rerum
568 330 672 407 siquis
703 329 802 409 patilo
834 327 1001 400 hebetior,
1034 326 1228 406 discipliuae

256 442 368 500 tamen
392 455 495 517 capax
520 436 585 512 est,
619 455 657 497 eo
689 434 752 496 sibi
781 434 857 514 plus
885 453 1005 515 operae
1038 433 1071 494 iu
1101 433 1229 495 litteras

256 542 518 626 impendendum
532 540 614 605 sciat
631 543 663 604 et
680 540 838 603 continua
855 539 975 603 mentis
993 540 1229 603 exercitatione

257 650 427 730 ingenium
451 667 549 712 suum
574 651 720 712 exacuat.
752 647 848 724 Nam,
874 650 909 711 ut
934 647 1063 710 Plinius
1086 645 1230 732 iunior5)

258 756 477 822 disertissime
502 754 625 832 scribit,

260 864 325 942 „ct
349 864 421 927 laus
445 864 496 926 est
520 882 625 935 cerae,
650 860 759 924 mollis
783 862 971 943 cedensque
995 866 1153 945 sequatur

304 969 340 1034 Si
364 971 478 1034 doctos
502 968 621 1050 digitos
644 968 801 1050 iussaque
825 969 884 1032 liat
907 986 991 1049 opus

166 1081 206 1138 :z'
260 1078 302 1141 Et
325 1097 414 1140 nunc
438 1076 594 1140 informet
619 1077 757 1140 Martem
782 1079 948 1139 castamve
972 1076 1164 1154 Minervam,

305 1184 401 1248 Nunc
426 1184 589 1247 Venerem
613 1181 758 1263 effingat,
783 1201 871 1246 nuuc
895 1183 1032 1246 Veneris
1056 1201 1208 1264 puerum,

259 1291 370 1373 thue
394 1290 479 1355 sacri
502 1290 612 1353 sontes
637 1309 701 1354 non
727 1290 797 1354 sola
820 1289 974 1353 incendia
998 1290 1127 1360 sistunt,

304 1400 414 1480 Saepe
437 1397 537 1461 etiam
561 1398 660 1461 ilores
684 1416 852 1478 vernaque
877 1399 975 1478 prata
999 1398 1125 1461 lavant:

259 1505 316 1570 Sic
339 1504 514 1568 hominum
536 1503 705 1586 ingenium
730 1504 818 1568 ilecti
843 1505 986 1586 ducique
1010 1523 1069 1585 per
1094 1508 1183 1569 artes

305 1611 380 1676 Non
403 1612 525 1692 rigidas
551 1611 647 1676 docta
670 1611 853 1675 mobilitate
878 1612 1005 1675 decet.“

260 1719 348 1782 illud
364 1717 464 1782 etiam
482 1717 617 1781 minime
634 1719 973 1799 praetermittendum
990 1738 1119 1797 censeo,
1144 1721 1233 1801 quod

261 1826 304 1889 ad
317 1823 518 1889 litterarium
527 1825 711 1906 proiectum
721 1825 893 1906 religiosus
902 1826 1057 1907 optimae,
1071 1826 1233 1889 maximae

259 1931 406 2013 Virginis
427 1933 488 1996 Dei
512 1932 625 1995 Matris
650 1933 768 2005 cultus,
793 1934 848 2015 pia
873 1951 1004 2013 quoque
1030 1932 1233 2013 Hieronymi,

261 2038 464 2103 Catharinae
477 2037 683 2120 aliorumque
701 2039 852 2103 divorum
868 2039 1037 2103 veneratio
1053 2039 1234 2120 plurimum

190 2190 197 2204 .
233 2141 401 2210 'confert
431 2145 529 2222 Quod
553 2145 642 2209 enim
665 2145 789 2210 homiui
813 2166 873 2227 per
897 2145 1021 2226 ingenii
1045 2147 1233 2210 tarditatem

260 2272 381 2336 capere
405 2272 472 2317 non
497 2251 582 2332 licet,
607 2271 721 2317 eorum
746 2252 910 2335 suffragiis
935 2254 1132 2334 plerumque
1156 2273 1234 2316 con-

261 2360 424 2441 sequitur.

672 2556 741 2620 Vll.

487 2713 547 2783 De
570 2714 763 2783 memoria
784 2715 925 2783 tenaci.

199 2919 211 2979 l
264 2913 522 2996 Disciplinarum
546 2915 724 2994 praecepta
748 2913 909 2994 accipere,
935 2912 999 2975 nisi
1023 2913 1055 2975 in
1081 2912 1238 2976 memoria

264 3022 422 3098 retineas,
447 3019 570 3084 nullius
595 3040 676 3084 usus
700 3023 758 3083 est.
809 3020 924 3083 Solent
956 3021 1065 3083 autem
1097 3019 1156 3101 qui
1184 3038 1238 3082 ca-

264 3125 358 3210 pacis
374 3125 498 3208 ingenii
515 3132 603 3205 sunt,
627 3127 737 3190 minus
755 3127 862 3190 valere
881 3126 1037 3190 memoria
1055 3128 1238 3207 contraque

265 3233 323 3314 qui
340 3253 458 3314 magno
475 3235 587 3298 labore
605 3234 748 3302 discunt,
767 3234 891 3297 diutius
908 3233 941 3295 in
959 3236 1069 3297 mente
1084 3233 1239 3309 retinere,

197 3341 218 3404 5
265 3339 368 3404 veluti
393 3341 502 3405 mollis
526 3341 633 3423 liquor
662 3341 805 3421 sigillum
833 3341 987 3404 facillime
1017 3339 1150 3424 recipit,
1180 3341 1239 3404 sed

265 3446 301 3511 id
335 3449 496 3511 continuo
530 3449 700 3523 exolescit,
741 3466 857 3511 saxum
891 3467 971 3510 xero
1006 3450 1101 3511 notas
1137 3447 1240 3510 semel

265 3554 451 3635 insculptas
476 3573 542 3617 nou
567 3554 628 3618 nisi
655 3555 756 3617 nimia
780 3556 946 3618 vetustate
970 3553 1103 3617 amittit.
1151 3552 1240 3617 Ante

1031 3695 1049 3759 3
