2632 4718
477 688 717 765 *113-

200 877 272 942 Pax
293 873 356 942 tibi
379 875 548 955 reddatur,
572 875 606 941 di
628 877 768 943 meliora
790 875 903 942 velint.

76 986 122 1050 95
148 982 180 1049 0
204 982 236 1048 si
258 986 310 1050 tot
332 982 451 1050 melior
473 983 616 1067 populos
639 984 774 1050 fortuna
797 983 872 1049 dedi
880 984 957 1059 sset,

198 1088 291 1167 Quot
312 1088 410 1156 multi
433 1109 527 1173 reges
549 1090 678 1156 incluta
700 1109 803 1173 regna
826 1090 962 1156 tenent!

157 1195 350 1281 Antipodes
367 1230 406 1249 ·-
425 1197 454 1261 si
470 1199 602 1263 511111-
621 1200 712 1262 certe
735 1200 793 1262 tua
814 1198 947 1280 sceptra
970 1196 1136 1279 timerent,

199 1302 314 1368 Indica
336 1302 400 1368 sub
422 1322 525 1387 regno
547 1303 615 1369 iam
638 1303 724 1368 foret
747 1322 805 1367 ora
827 1305 897 1367 tuo.

152 1408 320 1475 Intrasses
344 1409 512 1492 Solymam
535 1408 640 1475 victor
663 1409 867 1475 clarissimus
890 1409 1019 1487 urbem,

58 1519 128 1582 100
200 1514 311 1581 Staret
332 1514 368 1581 in
392 1515 528 1581 arbitrio
551 1516 696 1582 maxima
719 1516 828 1581 Roma
851 1517 921 1580 tuo.

151 1622 253 1687 Nunc
276 1622 374 1688 decet
396 1622 432 1687 in
455 1621 574 1704 patriis
598 1624 792 1689 contentum
817 1623 929 1687 virere
954 1623 1052 1686 terris

197 1728 241 1793 Et
263 1748 396 1794 servare
419 1727 521 1794 fidem
544 1728 771 1812 iustitiamque
794 1728 900 1811 sequi,

153 1833 377 1919 Cornuaque
399 1834 507 1901 dulcis
531 1836 643 1901 Mosae
669 1834 849 1918 Rhenique
873 1836 1038 1914 seruntur,

198 1941 339 2024 Pinguia
362 1962 430 2025 qua
453 1941 546 2008 dives
569 1961 647 2007 rura
671 1943 851 2024 sygamber
874 1943 958 2007 aral.

65 2047 132 2113 105
156 2047 288 2112 Fertilis
311 2048 364 2112 his
387 2049 512 2113 etenim
535 2068 603 2114 non
627 2047 842 2113 anteferenda
867 2048 1008 2127 videtur,

153 2206 169 2241 ς.
201 2153 263 2219 Cui
287 2153 338 2219 lac
361 2154 504 2237 gallinae
528 2153 648 2219 dicitur
671 2173 755 2231 esse,
780 2152 945 2234 Samosl)

159 2259 255 2325 Cedit
278 2263 312 2326 et
328 2258 602 2347 Orolromenos⁶)‚
626 2259 685 2326 ubi
709 2261 876 2345 quondam
902 2280 956 2325 rex
981 2260 1132 2324 Eteocles

199 2367 265 2432 Vos
288 2367 418 2448 aedem,
442 2367 605 2444 Charites
630 2366 708 2432 fecit
732 2367 855 2431 habere
880 2386 1018 2431 sacram.

154 2472 252 2538 Cedit
275 2476 308 2539 et
331 2474 512 2557 Aegyptus,
536 2473 615 2538 olim
640 2473 804 2538 ditissima
827 2474 935 2551 tellus,

64 2581 128 2644 110
199 2578 303 2644 Cuius
326 2598 423 2662 agros
445 2579 566 2662 plutiis
589 2579 704 2645 nubila
728 2580 821 2644 nulla
843 2579 963 2662 rigant.

151 2684 205 2750 Sis
226 2686 305 2769 pius
327 2685 363 2750 in
387 2706 539 2769 superos,
563 2685 724 2751 subiectis
746 2686 875 2768 parcito
898 2685 990 2762 felix,

199 2791 255 2857 Sic
279 2792 370 2858 oanis
394 2795 530 2876 spargat
553 2793 650 2874 longa
674 2794 811 2857 senecta
833 2795 944 2874 caput.

156 2896 270 2962 Gratia
293 2897 341 2963 sie
364 2898 475 2965 Caroli
499 2899 701 2982 populorum
726 2898 881 2963 cordibus
906 2897 994 2976 insit,

197 3004 240 3069 Et
263 3006 322 3070 tua
344 3008 508 3089 perpetuo
533 3025 634 3088 regna
657 3025 792 3071 manere
815 3003 927 3069 velint.

64 3113 128 3175 115
152 3109 195 3175 Et
217 3110 306 3176 sicut
329 3112 477 3178 Samium
502 3113 682 3194 perhibent
705 3113 826 3176 vixisse
850 3109 1073 3193 lyr'airrrum‚⁰)

196 3218 346 3284 Fortuna
369 3218 463 3283 miris
486 3221 564 3284 vota
586 3218 723 3284 iuvante
748 3218 865 3299 modis,

153 3324 257 3390 Cuius
280 3326 431 3391 membra
453 3328 565 3390 tamen
589 3326 652 3391 sub
675 3326 776 3391 finem
800 3345 919 3390 saevus
943 3325 1089 3389 Orontes

197 3432 382 3515 Suspendit
404 3433 512 3498 corvis
537 3433 749 3498 dilaceranda
773 3432 885 3515 nigris,

153 3536 209 3602 Sic
230 3539 292 3604 tibi
316 3541 490 3621 contingat
514 3539 717 3604 laetissimus
742 3541 852 3605 exitus
876 3538 963 3616 olim,

65 3645 129 3707 120
196 3643 325 3728 Aspera
348 3666 449 3729 quern
472 3647 589 3711 crebro
614 3666 686 3710 sors
711 3645 858 3712 cruciare
882 3647 977 3710 solet.

491 3946 702 3955 ———-
