2632 4718
512 785 555 812 -’
606 769 755 832 107-

214 962 289 1005 nem
325 944 439 1025 pueris
478 963 551 1007 esse
582 943 822 1023 necessariam,
858 948 896 1008 ul
925 944 1003 1009 inde
1035 945 1166 1010 discant

213 1049 448 1127 grammaticen
474 1053 507 1112 et
532 1049 641 1113 Lalini
667 1049 829 1113 sermonis
857 1051 1092 1131 proprietatem
1117 1055 1166 1115 al-

214 1173 279 1234 que
303 1155 517 1235 eleganliam,
545 1154 579 1217 id
603 1158 694 1236 quod
717 1155 867 1236 aperlius
892 1155 980 1218 idem
1003 1156 1167 1238 significat

213 1257 298 1322 libro
330 1259 533 1324 defensionis
569 1259 604 1323 in
638 1259 795 1323 Rufinum
831 1259 985 1344 primoi),
1028 1263 1166 1342 ,Pulo“,

215 1363 380 1444 inquiens,
409 1365 518 1446 ,quod
542 1385 626 1446 puer
651 1367 768 1446 legeris
792 1365 911 1447 Asperi
936 1365 970 1429 in
987 1366 1165 1448 Vergilium

213 1472 245 1532 el
262 1470 458 1533 Sallustium
483 1471 747 1547 commentarios,
771 1470 913 1534 Vulcalii
938 1470 972 1533 in
996 1473 1165 1535 oraliones

213 1574 392 1654 Ciceronis,
414 1576 569 1639 l'iclorini
594 1576 627 1639 in
645 1577 792 1656 dialogos
816 1576 887 1639 eins
912 1580 944 1640 el
967 1576 999 1639 in
1016 1577 1166 1641 Terenlii

212 1680 399 1744 comoedias
424 1682 651 1761 praeceploris
676 1681 740 1744 mei
764 1683 884 1746 Donali
909 1685 1009 1763 alque
1034 1681 1068 1744 io
1086 1684 1167 1746 Ver-

212 1784 324 1864 gilium
360 1788 393 1849 el
428 1785 568 1850 aliorum
604 1788 639 1851 in
675 1787 773 1864 alios,
814 1788 966 1851 Plautum
1003 1787 1167 1867 ridelicel,

213 1889 423 1965 Lucretium,
448 1892 619 1972 Flaccum,
645 1893 798 1956 Persium
828 1893 930 1974 alque
960 1893 1164 1958 Lucanum.“

213 1995 304 2059 Haec
330 1995 568 2078 Hieronymus,
597 1998 760 2079 equibus
784 1997 1003 2079 liquidissime
1028 2000 1167 2078 conslal,

215 2121 292 2164 eum
316 2103 504 2181 censuisse,
535 2123 602 2166 non
626 2104 732 2167 solum
757 2106 873 2185 poelas
896 2103 986 2184 ipsos
1011 2125 1031 2168 a
1054 2105 1167 2185 pueris

148 2249 155 2267 .
215 2207 381 2288 legendos
406 2209 462 2271 sed
488 2209 588 2272 eliam
605 2209 859 2273 commenlarios
883 2210 917 2272 in
942 2229 1000 2272 eos
1023 2231 1041 2273 a
1061 2230 1167 2291 gram-

214 2312 342 2376 malicis
376 2314 492 2377 ediles.
540 2315 632 2378 Idem
664 2316 698 2378 in
728 2316 886 2395 epislola,
917 2335 1017 2398 quam
1049 2316 1168 2379 Furiae

214 2419 254 2480 de
272 2419 433 2482 riduilale
452 2421 616 2484 servanda
639 2421 818 2504 scripsilss),
842 2421 958 2484 comici
975 2421 1167 2486 leslimonio

217 2544 297 2587 usus
323 2528 373 2588 esl
397 2527 437 2588 ad
463 2525 722 2590 dissuadendam
747 2527 943 2590 ebrietatem
967 2528 1020 2591 his
1044 2526 1166 2604 rorbis3

217 2632 320 2706 „Cum
338 2630 436 2695 eliam
453 2630 609 2710 comicus,
634 2632 729 2694 cuius
745 2631 820 2695 finis
844 2634 895 2695 esi
912 2633 1074 2696 humanos
1098 2653 1168 2696 mo-

124 2748 143 2798 :
213 2756 265 2799 res
290 2756 388 2801 nosse
413 2740 513 2818 alque
538 2737 735 2816 describere,
760 2739 880 2801 dixeril

277 2843 445 2919 ...„Sine
470 2844 590 2906 Cerere
614 2846 647 2905 el
672 2843 794 2906 Libero
817 2842 914 2925 irigel
936 2844 1048 2907 Venus
1058 2841 1104 2926 ⁷)“
1124 2882 1166 2889 —

213 2948 374 3011 Desinaul
400 2949 496 3031 igilur
513 2948 726 3030 llreologislae
744 2951 880 3031 quidam
906 2970 966 3013 nos
983 2951 1168 3028 lraducere,

214 3055 304 3135 qnod
346 3056 380 3118 in
424 3056 502 3120 lndo
544 3057 658 3138 pueris
695 3055 890 3119 Terenlium
921 3056 1168 3138 Vergiliumque

147 3201 153 3221 .
212 3160 473 3241 inlerprelamur
502 3183 563 3225 nec
586 3162 764 3244 Auguslini
794 3163 894 3226 rerba
929 3162 992 3225 sibi
1027 3161 1168 3225 fortasse

214 3284 281 3329 non
305 3268 442 3346 penilus
466 3267 636 3332 intellecla
660 3269 757 3331 nobis
781 3268 815 3331 in
839 3289 876 3331 os
899 3269 1007 3332 iacere
1028 3269 1168 3332 molian-

213 3373 278 3448 tur,
302 3392 377 3436 oum
395 3393 461 3436 non
486 3373 530 3436 sil
554 3393 592 3437 oa
609 3393 704 3437 mens
721 3378 845 3439 nostra.
862 3375 976 3438 lorem
997 3376 1166 3455 lamquam

214 3477 311 3540 deum
336 3479 451 3560 pueris
475 3480 516 3543 ad
540 3480 727 3562 exemplum
752 3481 859 3560 slupri
884 3499 1084 3561 proponere,
1108 3479 1168 3543 sed

215 3583 401 3665 improbata
418 3584 676 3666 abominalaque
693 3587 840 3666 geulinm
865 3586 1024 3648 caecilalo
1047 3589 1080 3648 el
1097 3605 1167 3648 mo-

128 3688 171 3751 30
218 3688 310 3752 ribus
326 3690 498 3754 hominum
512 3690 601 3754 relul
621 3691 655 3753 in
669 3692 805 3772 speculo
823 3690 982 3772 exposilis
996 3710 1167 3772 personas,

216 3813 302 3876 quae
327 3796 520 3877 loquuntur,
549 3799 583 3860 el
607 3796 762 3871 effecius,
788 3798 845 3879 qni
870 3799 1068 3878 sequamur,
1093 3796 1168 3859 dili-

215 3904 332 3982 gonler
367 3901 570 3966 considerari
602 3903 831 3985 perpendique
866 3901 974 3966 iuberi
1005 3904 1039 3964 el
1069 3921 1167 3966 accu-

215 4007 296 4070 salis
320 4028 394 4071 cum
420 4009 563 4072 maxima
580 4009 801 4074 deleslalione
825 4008 926 4086 viliis,
950 4009 993 4071 ad
1009 4007 1166 4072 rirlulum
1209 4000 1211 4005 ’

213 4114 427 4194 splendorem
443 4116 560 4179 sedulo
577 4114 757 4197 discipulos
774 4115 952 4178 adhorlari.
988 4114 1168 4196 Sequimur

125 4219 166 4283 35
213 4221 322 4283 aulem
362 4220 424 4283 hac
464 4219 498 4283 in
538 4241 573 4284 re
618 4220 980 4303 praoslanlissimorum
1020 4222 1166 4286 virorum

215 4324 386 4390 consilium
400 4346 407 4390 :
438 4325 654 4413 Hieronymi,
676 4326 903 4408 Quinliliani,
917 4327 982 4393 Vix
995 4345 1115 4408 papae
1124 4327 1189 4398 XM
