2632 4718
547 560 767 624 ..27-

214 736 308 802 tuum
329 738 432 820 teque
454 735 568 820 ipsum
600 756 702 818 amas,
732 736 957 822 Phocylidisss)
985 737 1063 804 audi
1092 759 1187 823 prae·

215 845 365 928 ceptum:

218 950 324 1030 ,Dum
346 954 442 1017 tener
465 953 516 1016 est
537 955 669 1034 gnatus,
692 970 871 1033 generosos
893 952 1023 1017 instrue
1047 958 1185 1018 mores.“

123 1060 168 1123 45
217 1057 278 1122 Est
307 1058 397 1123 enim
431 1078 516 1142 puer
552 1061 722 1140 tamquam
752 1060 857 1124 udum
886 1062 921 1123 et
950 1060 1049 1125 molle
1082 1060 1189 1124 lutum

218 1184 418 1244 „nuncnunc
448 1167 702 1249 praeparandus
734 1167 768 1229 et
800 1165 868 1231 acri
898 1165 1089 1248 Fingendus
1118 1166 1189 1231 sine

215 1271 280 1337 tine
304 1276 410 1351 rota“,
439 1273 476 1337 ut
503 1293 544 1336 ex
574 1292 613 1338 eo
642 1275 770 1338 mature
798 1292 857 1337 vas
885 1272 967 1338 utile
990 1273 1025 1338 in
1050 1274 1190 1338 ecclesia

216 1380 269 1445 dei
293 1379 449 1445 reluceat.
497 1379 562 1456 Qui
585 1398 664 1443 vero
687 1378 860 1445 iuventute
888 1399 948 1462 per
971 1380 1108 1445 sordida
1131 1400 1189 1444 ne-

215 1488 304 1570 gotia
327 1487 379 1552 rel
403 1486 558 1551 disidiarn
580 1487 751 1551 transacta
774 1486 920 1551 instante
936 1486 1002 1552 iam
1018 1489 1189 1551 senectute

128 1595 173 1659 50
217 1595 365 1677 primum
388 1593 509 1658 litteris
532 1612 651 1658 vacare
675 1596 830 1667 conatur,
860 1593 1039 1675 plurimum
1068 1593 1190 1676 desipit

215 1703 401 1783 meritoque
426 1701 654 1783 coarguendus
678 1704 740 1780 est,
767 1703 804 1764 ut
827 1701 920 1765 illum
944 1701 1034 1784 apud
1058 1701 1190 1765 Petrae-

216 1804 328 1893 cam7)
352 1808 518 1873 Daedalus
541 1807 711 1889 increpat:

242 1916 345 1994 ,Sera
354 1914 503 1979 animum
512 1933 597 1997 quae
606 1934 686 1979 cura
698 1914 809 1980 subit?
822 1913 939 1979 Brevis
948 1933 1025 1978 ecce
1036 1914 1191 1979 iuventae

238 2021 315 2087 Flos
324 2022 453 2087 cecidit.
467 2021 562 2086 Tunc
570 2024 702 2105 tempus
711 2024 796 2101 erat3
808 2023 873 2087 iam
884 2021 1010 2086 discere
1019 2024 1117 2103 turpe
1128 2024 1189 2102 est,

130 2129 170 2193 55
240 2128 339 2207 Quod
361 2128 538 2212 pulchrum
563 2127 717 2194 didicisse
733 2127 833 2193 foret:
857 2128 912 2193 Sic
928 2128 1072 2192 volvitur
1088 2130 1190 2209 aetas,

243 2235 365 2302 Omnia
387 2236 435 2301 sic
458 2233 561 2300 volvit
583 2235 712 2318 fugiens
736 2255 774 2299 ac
797 2234 910 2299 nescia
933 2233 1028 2299 freni.

243 2345 341 2411 Sorte
365 2347 424 2408 tua
447 2345 624 2408 contentus
648 2342 702 2407 abi
726 2342 953 2424 citharamque
977 2341 1146 2424 relinque3

241 2452 302 2517 Est
326 2449 449 2533 quihus
472 2469 492 2514 a
514 2449 639 2514 teneris
663 2452 803 2515 tractata
826 2450 972 2514 suaviter
995 2448 1121 2514 annis.“

630 2752 688 2817 III.

126 2912 188 2982 De
200 2911 275 2994 his,
288 2928 392 3000 quaa
405 2909 586 2981 studioso
595 2909 835 2981 scholastico
848 2909 1074 2980 necessaria
1086 2913 1191 2980 sunt.

153 3111 168 3174 1
218 3108 379 3175 Studioso
403 3110 563 3174 bonarum
588 3108 711 3174 artium
735 3109 932 3174 scholastico
956 3109 1040 3172 etin
1057 3108 1191 3172 doctum

218 3215 388 3281 hominem
398 3235 538 3282 evasura
550 3217 632 3281 haec
645 3215 1010 3281 necessariavidentur:
1024 3213 1191 3281 Scientiae

218 3323 397 3405 cupiditaS,
430 3342 569 3388 acumen
598 3321 735 3405 ingenii,
771 3321 929 3386 memoria
957 3324 1072 3398 tenax,
1105 3320 1193 3385 bona

218 3430 392 3509 valetudo,
438 3415 545 3494 victus
583 3429 789 3511 vestitusque
828 3428 1003 3494 mediocris
1040 3427 1191 3507 facultas,

151 3540 172 3602 5
219 3535 454 3619 opportunitas
477 3536 551 3614 loci,
573 3535 733 3619 temporis
757 3535 872 3616 otium,
905 3534 1007 3600 animi
1029 3534 1194 3616 tranquil-

219 3644 311 3722 litas,
350 3646 546 3727 praeceptor
579 3644 851 3727 probatissimus,
890 3642 1052 3708 librorum
1087 3641 1192 3724 copia,

219 3750 445 3816 studiosorum
479 3751 701 3827 consuetud0‚
736 3750 838 3814 studii
873 3750 972 3826 ordo,
1008 3749 1124 3813 modus
1160 3749 1194 3812 et

220 3856 482 3942 perseverantia.
529 3857 593 3935 Qui
617 3859 738 3922 cuncta
761 3858 842 3922 haec
866 3857 1006 3939 adeptus
1031 3855 1140 3930 fuerit,
1164 3855 1193 3919 is

222 3965 283 4030 deo
296 3966 424 4048 optimo
436 3964 578 4030 maximo
591 3964 771 4047 plurimum
785 3964 982 4047 gratulatum
995 3961 1193 4044 tempestive

132 4075 175 4140 10
220 4071 369 4154 proiecto
400 4073 442 4137 ad
472 4073 595 4138 bonam
626 4071 752 4154 frugem
785 4072 1011 4155 perventurus
1042 4070 1102 4134 est.
1149 4068 1194 4132 At

221 4177 452 4246 difficillimum
476 4182 542 4262 est,
572 4180 719 4265 inquies,
751 4180 908 4245 universa
937 4177 995 4242 illa
1023 4176 1194 4259 consequi,
