<?xml version="1.0" encoding="UTF-8"?>
<!DOCTYPE html PUBLIC "-//W3C//DTD XHTML 1.0 Transitional//EN"
    "http://www.w3.org/TR/xhtml1/DTD/xhtml1-transitional.dtd">
<html xmlns="http://www.w3.org/1999/xhtml" xml:lang="en" lang="en">
 <head>
  <title>
</title>
<meta http-equiv="Content-Type" content="text/html;charset=utf-8" />
  <meta name='ocr-system' content='tesseract 3.04.00' />
  <meta name='ocr-capabilities' content='ocr_page ocr_carea ocr_par ocr_line ocrx_word'/>
</head>
<body>
  <div class='ocr_page' id='page_1' title='image "./ausgewhltewerke00bmgoog_0484.png"; bbox 0 0 2632 4718; ppageno 0'>
   <div class='ocr_carea' id='block_1_1' title="bbox 516 722 758 784">
    <p class='ocr_par' dir='ltr' id='par_1_1' title="bbox 516 722 758 784">
     <span class='ocr_line' id='line_1_1' title="bbox 516 722 758 784; baseline 0 0"><span class='ocrx_word' id='word_1_1' title='bbox 516 756 555 766; x_wconf 91' lang='lat'>-</span> <span class='ocrx_word' id='word_1_2' title='bbox 608 722 668 784; x_wconf 82' lang='lat'>103</span> <span class='ocrx_word' id='word_1_3' title='bbox 715 758 758 767; x_wconf 93' lang='lat'>--</span> 
     </span>
    </p>
   </div>
   <div class='ocr_carea' id='block_1_2' title="bbox 124 893 1201 4148">
    <p class='ocr_par' dir='ltr' id='par_1_2' title="bbox 124 893 1201 4148">
     <span class='ocr_line' id='line_1_2' title="bbox 212 893 1177 977; baseline 0.004 -18"><span class='ocrx_word' id='word_1_4' title='bbox 212 893 362 971; x_wconf 88' lang='lat' dir='ltr'>Quorum</span> <span class='ocrx_word' id='word_1_5' title='bbox 385 894 511 977; x_wconf 89' lang='lat' dir='ltr'>primus</span> <span class='ocrx_word' id='word_1_6' title='bbox 535 896 571 959; x_wconf 93' lang='lat' dir='ltr'>in</span> <span class='ocrx_word' id='word_1_7' title='bbox 597 894 760 976; x_wconf 90' lang='lat' dir='ltr'>epistolio</span> <span class='ocrx_word' id='word_1_8' title='bbox 787 898 831 961; x_wconf 89' lang='lat' dir='ltr'>ad</span> <span class='ocrx_word' id='word_1_9' title='bbox 855 917 907 961; x_wconf 93' lang='lat' dir='ltr'>me</span> <span class='ocrx_word' id='word_1_10' title='bbox 925 899 1001 962; x_wconf 88' lang='lat' dir='ltr'>dato</span> <span class='ocrx_word' id='word_1_11' title='bbox 1026 917 1093 962; x_wconf 93' lang='lat' dir='ltr'>non</span> <span class='ocrx_word' id='word_1_12' title='bbox 1117 899 1177 962; x_wconf 84' lang='lat' dir='ltr'>tri·</span> 
     </span>
     <span class='ocr_line' id='line_1_3' title="bbox 212 1000 1178 1085; baseline 0.007 -22"><span class='ocrx_word' id='word_1_13' title='bbox 212 1000 275 1063; x_wconf 86' lang='lat' dir='ltr'>bus</span> <span class='ocrx_word' id='word_1_14' title='bbox 299 1001 452 1064; x_wconf 90' lang='lat' dir='ltr'>versibus</span> <span class='ocrx_word' id='word_1_15' title='bbox 476 1001 623 1083; x_wconf 78' lang='lat' dir='ltr'><strong>longiore</strong></span> <span class='ocrx_word' id='word_1_16' title='bbox 648 1001 762 1065; x_wconf 83' lang='lat' dir='ltr'>sexies</span> <span class='ocrx_word' id='word_1_17' title='bbox 787 1002 907 1067; x_wconf 83' lang='lat' dir='ltr'>erravit</span> <span class='ocrx_word' id='word_1_18' title='bbox 931 1003 1116 1085; x_wconf 79' lang='lat' dir='ltr'>insigniter,</span> <span class='ocrx_word' id='word_1_19' title='bbox 1140 1007 1178 1070; x_wconf 84' lang='lat' dir='ltr'>ut</span> 
     </span>
     <span class='ocr_line' id='line_1_4' title="bbox 145 1105 1176 1188; baseline 0.004 -18"><span class='ocrx_word' id='word_1_20' title='bbox 145 1109 165 1170; x_wconf 82' lang='lat'><strong>5</strong></span> <span class='ocrx_word' id='word_1_21' title='bbox 211 1107 254 1170; x_wconf 84' lang='lat' dir='ltr'>ad</span> <span class='ocrx_word' id='word_1_22' title='bbox 288 1109 397 1170; x_wconf 87' lang='lat' dir='ltr'>errata</span> <span class='ocrx_word' id='word_1_23' title='bbox 426 1105 608 1171; x_wconf 86' lang='lat' dir='ltr'>leviuscula</span> <span class='ocrx_word' id='word_1_24' title='bbox 643 1108 858 1172; x_wconf 69' lang='lat' dir='ltr'>conuincam.</span> <span class='ocrx_word' id='word_1_25' title='bbox 906 1109 991 1172; x_wconf 89' lang='lat' dir='ltr'>Nam</span> <span class='ocrx_word' id='word_1_26' title='bbox 1030 1107 1176 1188; x_wconf 74' lang='lat' dir='ltr'>„recom-</span> 
     </span>
     <span class='ocr_line' id='line_1_5' title="bbox 212 1213 1176 1296; baseline 0.004 -20"><span class='ocrx_word' id='word_1_27' title='bbox 212 1213 441 1276; x_wconf 86' lang='lat' dir='ltr'>mendatione“</span> <span class='ocrx_word' id='word_1_28' title='bbox 473 1232 554 1276; x_wconf 84' lang='lat' dir='ltr'>usus</span> <span class='ocrx_word' id='word_1_29' title='bbox 585 1216 636 1276; x_wconf 88' lang='lat' dir='ltr'>ost</span> <span class='ocrx_word' id='word_1_30' title='bbox 660 1232 721 1295; x_wconf 87' lang='lat' dir='ltr'>pro</span> <span class='ocrx_word' id='word_1_31' title='bbox 754 1213 1092 1296; x_wconf 84' lang='lat' dir='ltr'>„commendatiorre“‚</span> <span class='ocrx_word' id='word_1_32' title='bbox 1117 1217 1176 1280; x_wconf 87' lang='lat' dir='ltr'>sed</span> 
     </span>
     <span class='ocr_line' id='line_1_6' title="bbox 212 1317 1176 1400; baseline 0.005 -20"><span class='ocrx_word' id='word_1_33' title='bbox 212 1318 312 1400; x_wconf 70' lang='lat' dir='ltr'>hoo&#39;)</span> <span class='ocrx_word' id='word_1_34' title='bbox 336 1317 368 1380; x_wconf 91' lang='lat' dir='ltr'>ei</span> <span class='ocrx_word' id='word_1_35' title='bbox 392 1336 466 1380; x_wconf 93' lang='lat' dir='ltr'>cum</span> <span class='ocrx_word' id='word_1_36' title='bbox 492 1318 607 1381; x_wconf 91' lang='lat' dir='ltr'>multis</span> <span class='ocrx_word' id='word_1_37' title='bbox 632 1322 683 1381; x_wconf 89' lang='lat' dir='ltr'>est</span> <span class='ocrx_word' id='word_1_38' title='bbox 709 1338 896 1383; x_wconf 87' lang='lat' dir='ltr'>commune.</span> <span class='ocrx_word' id='word_1_39' title='bbox 943 1320 1040 1397; x_wconf 88' lang='lat' dir='ltr'>Quod</span> <span class='ocrx_word' id='word_1_40' title='bbox 1064 1323 1176 1385; x_wconf 86' lang='lat' dir='ltr'>autem</span> 
     </span>
     <span class='ocr_line' id='line_1_7' title="bbox 216 1424 1177 1507; baseline 0.003 -21"><span class='ocrx_word' id='word_1_41' title='bbox 216 1428 479 1505; x_wconf 85' lang='lat' dir='ltr'>„conquerasse“</span> <span class='ocrx_word' id='word_1_42' title='bbox 520 1424 658 1505; x_wconf 88' lang='lat' dir='ltr'>protulit</span> <span class='ocrx_word' id='word_1_43' title='bbox 696 1443 760 1505; x_wconf 88' lang='lat' dir='ltr'>pro</span> <span class='ocrx_word' id='word_1_44' title='bbox 796 1429 1035 1507; x_wconf 88' lang='lat' dir='ltr'>„conquestum</span> <span class='ocrx_word' id='word_1_45' title='bbox 1070 1431 1177 1506; x_wconf 84' lang='lat' dir='ltr'>esso“,</span> 
     </span>
     <span class='ocr_line' id='line_1_8' title="bbox 213 1526 1176 1610; baseline 0.004 -18"><span class='ocrx_word' id='word_1_46' title='bbox 213 1531 330 1603; x_wconf 78' lang='lat' dir='ltr'>miror,</span> <span class='ocrx_word' id='word_1_47' title='bbox 367 1549 385 1592; x_wconf 89' lang='lat' dir='ltr'>e</span> <span class='ocrx_word' id='word_1_48' title='bbox 421 1526 547 1610; x_wconf 89' lang='lat' dir='ltr'>quibus</span> <span class='ocrx_word' id='word_1_49' title='bbox 585 1530 710 1593; x_wconf 89' lang='lat' dir='ltr'>tabulis</span> <span class='ocrx_word' id='word_1_50' title='bbox 752 1530 907 1594; x_wconf 78' lang='lat' dir='ltr'>didicerit</span> <span class='ocrx_word' id='word_1_51' title='bbox 943 1532 1176 1596; x_wconf 86' lang='lat' dir='ltr'>declinandum</span> 
     </span>
     <span class='ocr_line' id='line_1_9' title="bbox 213 1639 1176 1718; baseline 0.004 -20"><span class='ocrx_word' id='word_1_52' title='bbox 213 1655 301 1699; x_wconf 88' lang='lat' dir='ltr'>esse:</span> <span class='ocrx_word' id='word_1_53' title='bbox 329 1654 542 1717; x_wconf 78' lang='lat' dir='ltr'>„conquero,</span> <span class='ocrx_word' id='word_1_54' title='bbox 582 1656 789 1717; x_wconf 78' lang='lat' dir='ltr'>conqueraS,</span> <span class='ocrx_word' id='word_1_55' title='bbox 814 1642 1050 1718; x_wconf 85' lang='lat' dir='ltr'>conquerare“.</span> <span class='ocrx_word' id='word_1_56' title='bbox 1102 1639 1176 1715; x_wconf 87' lang='lat' dir='ltr'>Qua</span> 
     </span>
     <span class='ocr_line' id='line_1_10' title="bbox 213 1740 1176 1823; baseline 0.003 -19"><span class='ocrx_word' id='word_1_57' title='bbox 213 1741 436 1804; x_wconf 80' lang='lat' dir='ltr'>declinatione</span> <span class='ocrx_word' id='word_1_58' title='bbox 470 1740 498 1803; x_wconf 92' lang='lat' dir='ltr'>si</span> <span class='ocrx_word' id='word_1_59' title='bbox 523 1741 598 1822; x_wconf 92' lang='lat' dir='ltr'>quis</span> <span class='ocrx_word' id='word_1_60' title='bbox 622 1760 804 1823; x_wconf 88' lang='lat' dir='ltr'>puerorum</span> <span class='ocrx_word' id='word_1_61' title='bbox 827 1743 878 1805; x_wconf 90' lang='lat' dir='ltr'>vel</span> <span class='ocrx_word' id='word_1_62' title='bbox 904 1741 1037 1807; x_wconf 80' lang='lat' dir='ltr'>infimae</span> <span class='ocrx_word' id='word_1_63' title='bbox 1061 1744 1176 1807; x_wconf 87' lang='lat' dir='ltr'>classis</span> 
     </span>
     <span class='ocr_line' id='line_1_11' title="bbox 213 1846 1176 1924; baseline 0.004 -15"><span class='ocrx_word' id='word_1_64' title='bbox 213 1847 248 1910; x_wconf 92' lang='lat' dir='ltr'>in</span> <span class='ocrx_word' id='word_1_65' title='bbox 283 1846 360 1910; x_wconf 93' lang='lat' dir='ltr'>ludo</span> <span class='ocrx_word' id='word_1_66' title='bbox 396 1846 558 1910; x_wconf 84' lang='lat' dir='ltr'>litterario</span> <span class='ocrx_word' id='word_1_67' title='bbox 594 1849 763 1924; x_wconf 83' lang='lat' dir='ltr'>uteretur,</span> <span class='ocrx_word' id='word_1_68' title='bbox 795 1851 885 1912; x_wconf 87' lang='lat' dir='ltr'>certe</span> <span class='ocrx_word' id='word_1_69' title='bbox 919 1848 1025 1913; x_wconf 82' lang='lat' dir='ltr'>ferula</span> <span class='ocrx_word' id='word_1_70' title='bbox 1058 1849 1176 1913; x_wconf 87' lang='lat' dir='ltr'>verbe-</span> 
     </span>
     <span class='ocr_line' id='line_1_12' title="bbox 214 1951 1173 2033; baseline 0.004 -19"><span class='ocrx_word' id='word_1_71' title='bbox 214 1953 340 2016; x_wconf 89' lang='lat' dir='ltr'>randus</span> <span class='ocrx_word' id='word_1_72' title='bbox 365 1956 454 2015; x_wconf 88' lang='lat' dir='ltr'>esset</span> <span class='ocrx_word' id='word_1_73' title='bbox 478 1951 682 2033; x_wconf 83' lang='lat' dir='ltr'>amagistro.</span> <span class='ocrx_word' id='word_1_74' title='bbox 723 1952 776 2016; x_wconf 88' lang='lat' dir='ltr'>Ad</span> <span class='ocrx_word' id='word_1_75' title='bbox 793 1954 875 2016; x_wconf 87' lang='lat' dir='ltr'>haec</span> <span class='ocrx_word' id='word_1_76' title='bbox 895 1953 1173 2031; x_wconf 86' lang='lat' dir='ltr'>„abst1·axissent“</span> 
     </span>
     <span class='ocr_line' id='line_1_13' title="bbox 213 2057 1175 2141; baseline 0.004 -20"><span class='ocrx_word' id='word_1_77' title='bbox 213 2077 275 2140; x_wconf 92' lang='lat' dir='ltr'>pro</span> <span class='ocrx_word' id='word_1_78' title='bbox 307 2057 568 2135; x_wconf 86' lang='lat' dir='ltr'>„abstraxerint“</span> <span class='ocrx_word' id='word_1_79' title='bbox 595 2057 708 2140; x_wconf 77' lang='lat' dir='ltr'>posuit</span> <span class='ocrx_word' id='word_1_80' title='bbox 738 2059 887 2123; x_wconf 86' lang='lat' dir='ltr'>confusis</span> <span class='ocrx_word' id='word_1_81' title='bbox 919 2060 1033 2141; x_wconf 86' lang='lat' dir='ltr'>inepte</span> <span class='ocrx_word' id='word_1_82' title='bbox 1058 2061 1175 2125; x_wconf 88' lang='lat' dir='ltr'>verbo-</span> 
     </span>
     <span class='ocr_line' id='line_1_14' title="bbox 215 2164 1176 2246; baseline 0.004 -20"><span class='ocrx_word' id='word_1_83' title='bbox 215 2184 288 2228; x_wconf 89' lang='lat' dir='ltr'>rum</span> <span class='ocrx_word' id='word_1_84' title='bbox 324 2164 548 2246; x_wconf 78' lang='lat' dir='ltr'>temporibus,</span> <span class='ocrx_word' id='word_1_85' title='bbox 588 2183 729 2246; x_wconf 88' lang='lat' dir='ltr'>quorum</span> <span class='ocrx_word' id='word_1_86' title='bbox 770 2167 899 2228; x_wconf 88' lang='lat' dir='ltr'>rectam</span> <span class='ocrx_word' id='word_1_87' title='bbox 940 2165 1176 2230; x_wconf 84' lang='lat' dir='ltr'>discretionem</span> 
     </span>
     <span class='ocr_line' id='line_1_15' title="bbox 215 2269 1173 2352; baseline 0.002 -19"><span class='ocrx_word' id='word_1_88' title='bbox 215 2289 397 2352; x_wconf 86' lang='lat' dir='ltr'>numquam</span> <span class='ocrx_word' id='word_1_89' title='bbox 444 2269 600 2334; x_wconf 85' lang='lat' dir='ltr'>didicisse</span> <span class='ocrx_word' id='word_1_90' title='bbox 646 2269 785 2334; x_wconf 86' lang='lat' dir='ltr'>videtur.</span> <span class='ocrx_word' id='word_1_91' title='bbox 852 2270 1051 2348; x_wconf 83' lang='lat' dir='ltr'>„Cedulam“</span> <span class='ocrx_word' id='word_1_92' title='bbox 1095 2271 1173 2335; x_wconf 84' lang='lat' dir='ltr'>item</span> 
     </span>
     <span class='ocr_line' id='line_1_16' title="bbox 215 2375 1171 2459; baseline 0.002 -20"><span class='ocrx_word' id='word_1_93' title='bbox 215 2375 349 2459; x_wconf 85' lang='lat' dir='ltr'>scripsit</span> <span class='ocrx_word' id='word_1_94' title='bbox 373 2376 446 2439; x_wconf 87' lang='lat' dir='ltr'>sine</span> <span class='ocrx_word' id='word_1_95' title='bbox 473 2381 539 2453; x_wconf 73' lang='lat' dir='ltr'>„s“,</span> <span class='ocrx_word' id='word_1_96' title='bbox 564 2395 640 2439; x_wconf 89' lang='lat' dir='ltr'>cum</span> <span class='ocrx_word' id='word_1_97' title='bbox 665 2397 684 2440; x_wconf 94' lang='lat' dir='ltr'>a</span> <span class='ocrx_word' id='word_1_98' title='bbox 709 2377 816 2440; x_wconf 87' lang='lat' dir='ltr'>doctis</span> <span class='ocrx_word' id='word_1_99' title='bbox 840 2377 1008 2440; x_wconf 85' lang='lat' dir='ltr'>scribatur</span> <span class='ocrx_word' id='word_1_100' title='bbox 1034 2377 1171 2455; x_wconf 81' lang='lat' dir='ltr'>„sceda“</span> 
     </span>
     <span class='ocr_line' id='line_1_17' title="bbox 214 2481 1172 2566; baseline -0.001 -20"><span class='ocrx_word' id='word_1_101' title='bbox 214 2483 265 2546; x_wconf 86' lang='lat' dir='ltr'>vel</span> <span class='ocrx_word' id='word_1_102' title='bbox 302 2483 356 2566; x_wconf 88' lang='lat' dir='ltr'>(ut</span> <span class='ocrx_word' id='word_1_103' title='bbox 386 2482 587 2564; x_wconf 86' lang='lat' dir='ltr'>quibusdam</span> <span class='ocrx_word' id='word_1_104' title='bbox 618 2483 745 2566; x_wconf 87' lang='lat' dir='ltr'>placet)</span> <span class='ocrx_word' id='word_1_105' title='bbox 783 2481 958 2561; x_wconf 87' lang='lat' dir='ltr'>„scheda“‚</span> <span class='ocrx_word' id='word_1_106' title='bbox 994 2500 1054 2563; x_wconf 86' lang='lat' dir='ltr'>per</span> <span class='ocrx_word' id='word_1_107' title='bbox 1092 2482 1172 2561; x_wconf 82' lang='lat' dir='ltr'>„ch“</span> 
     </span>
     <span class='ocr_line' id='line_1_18' title="bbox 213 2587 1169 2670; baseline 0 -20"><span class='ocrx_word' id='word_1_108' title='bbox 213 2588 395 2670; x_wconf 88' lang='lat' dir='ltr'>aspiratum</span> <span class='ocrx_word' id='word_1_109' title='bbox 441 2591 517 2670; x_wconf 90' lang='lat' dir='ltr'>post</span> <span class='ocrx_word' id='word_1_110' title='bbox 559 2592 627 2666; x_wconf 83' lang='lat' dir='ltr'>„s“‚</span> <span class='ocrx_word' id='word_1_111' title='bbox 674 2589 762 2651; x_wconf 91' lang='lat' dir='ltr'>unde</span> <span class='ocrx_word' id='word_1_112' title='bbox 815 2607 876 2669; x_wconf 89' lang='lat' dir='ltr'>per</span> <span class='ocrx_word' id='word_1_113' title='bbox 915 2587 1169 2651; x_wconf 90' lang='lat' dir='ltr'>diminutionem</span> 
     </span>
     <span class='ocr_line' id='line_1_19' title="bbox 125 2692 1175 2773; baseline -0.001 -14"><span class='ocrx_word' id='word_1_114' title='bbox 125 2696 169 2759; x_wconf 64' lang='grc' dir='ltr'>ΞΟ</span> <span class='ocrx_word' id='word_1_115' title='bbox 217 2694 389 2773; x_wconf 67' lang='lat' dir='ltr'>„scedulae</span> <span class='ocrx_word' id='word_1_116' title='bbox 426 2714 485 2757; x_wconf 91' lang='lat' dir='ltr'>seu</span> <span class='ocrx_word' id='word_1_117' title='bbox 531 2693 728 2771; x_wconf 84' lang='lat' dir='ltr'>„schedula“</span> <span class='ocrx_word' id='word_1_118' title='bbox 764 2692 943 2757; x_wconf 81' lang='lat' dir='ltr'>derivatur.</span> <span class='ocrx_word' id='word_1_119' title='bbox 997 2694 1175 2758; x_wconf 85' lang='lat' dir='ltr'>Praeterea</span> 
     </span>
     <span class='ocr_line' id='line_1_20' title="bbox 217 2779 1201 2881; baseline -0.002 -17"><span class='ocrx_word' id='word_1_120' title='bbox 217 2800 353 2879; x_wconf 73' lang='lat' dir='ltr'>„tatem</span> <span class='ocrx_word' id='word_1_121' title='bbox 384 2800 536 2881; x_wconf 83' lang='lat' dir='ltr'>qualem“</span> <span class='ocrx_word' id='word_1_122' title='bbox 569 2800 773 2881; x_wconf 80' lang='lat' dir='ltr'>legulcorum</span> <span class='ocrx_word' id='word_1_123' title='bbox 804 2819 896 2863; x_wconf 89' lang='lat' dir='ltr'>more</span> <span class='ocrx_word' id='word_1_124' title='bbox 927 2797 1009 2862; x_wconf 87' lang='lat' dir='ltr'>dixit</span> <span class='ocrx_word' id='word_1_125' title='bbox 1038 2819 1100 2880; x_wconf 90' lang='lat' dir='ltr'>pro</span> <span class='ocrx_word' id='word_1_126' title='bbox 1124 2779 1201 2879; x_wconf 46' lang='lat' dir='ltr'>eo‚&#39;</span> 
     </span>
     <span class='ocr_line' id='line_1_21' title="bbox 213 2904 1175 2988; baseline -0.001 -17"><span class='ocrx_word' id='word_1_127' title='bbox 213 2907 303 2987; x_wconf 91' lang='lat' dir='ltr'>quod</span> <span class='ocrx_word' id='word_1_128' title='bbox 313 2907 363 2969; x_wconf 92' lang='lat' dir='ltr'>est</span> <span class='ocrx_word' id='word_1_129' title='bbox 377 2906 696 2988; x_wconf 79' lang='lat' dir='ltr'>„qualemcumque“</span> <span class='ocrx_word' id='word_1_130' title='bbox 710 2924 768 2967; x_wconf 88' lang='lat' dir='ltr'>seu</span> <span class='ocrx_word' id='word_1_131' title='bbox 781 2904 978 2986; x_wconf 86' lang='lat' dir='ltr'>„ineptam“.</span> <span class='ocrx_word' id='word_1_132' title='bbox 1000 2906 1175 2970; x_wconf 88' lang='lat' dir='ltr'>Postremo</span> 
     </span>
     <span class='ocr_line' id='line_1_22' title="bbox 216 3009 1174 3095; baseline -0.003 -19"><span class='ocrx_word' id='word_1_133' title='bbox 216 3012 317 3090; x_wconf 85' lang='lat' dir='ltr'>„hiis“</span> <span class='ocrx_word' id='word_1_134' title='bbox 343 3032 403 3095; x_wconf 86' lang='lat' dir='ltr'>per</span> <span class='ocrx_word' id='word_1_135' title='bbox 430 3011 490 3090; x_wconf 71' lang='lat' dir='ltr'>„ir</span> <span class='ocrx_word' id='word_1_136' title='bbox 517 3011 685 3093; x_wconf 86' lang='lat' dir='ltr'>geminum</span> <span class='ocrx_word' id='word_1_137' title='bbox 709 3031 768 3092; x_wconf 91' lang='lat' dir='ltr'>pro</span> <span class='ocrx_word' id='word_1_138' title='bbox 789 3009 892 3089; x_wconf 85' lang='lat' dir='ltr'>„his“.</span> <span class='ocrx_word' id='word_1_139' title='bbox 938 3010 1174 3091; x_wconf 63' lang='lat' dir='ltr'>[Iunctameru</span> 
     </span>
     <span class='ocr_line' id='line_1_23' title="bbox 214 3116 1174 3200; baseline -0.004 -18"><span class='ocrx_word' id='word_1_140' title='bbox 214 3118 366 3200; x_wconf 84' lang='lat' dir='ltr'>quamvis</span> <span class='ocrx_word' id='word_1_141' title='bbox 391 3136 457 3180; x_wconf 92' lang='lat' dir='ltr'>non</span> <span class='ocrx_word' id='word_1_142' title='bbox 490 3117 549 3181; x_wconf 91' lang='lat' dir='ltr'>uni</span> <span class='ocrx_word' id='word_1_143' title='bbox 572 3117 665 3195; x_wconf 91' lang='lat' dir='ltr'>mihi,</span> <span class='ocrx_word' id='word_1_144' title='bbox 695 3117 753 3180; x_wconf 87' lang='lat' dir='ltr'>sed</span> <span class='ocrx_word' id='word_1_145' title='bbox 783 3117 915 3181; x_wconf 83' lang='lat' dir='ltr'>duobus</span> <span class='ocrx_word' id='word_1_146' title='bbox 943 3116 1092 3180; x_wconf 87' lang='lat' dir='ltr'>tribusve</span> <span class='ocrx_word' id='word_1_147' title='bbox 1115 3136 1174 3198; x_wconf 95' lang='lat' dir='ltr'>po-</span> 
     </span>
     <span class='ocr_line' id='line_1_24' title="bbox 124 3221 1174 3307; baseline -0.005 -17"><span class='ocrx_word' id='word_1_148' title='bbox 124 3225 166 3290; x_wconf 65' lang='lat'>25</span> <span class='ocrx_word' id='word_1_149' title='bbox 215 3225 304 3307; x_wconf 89' lang='lat' dir='ltr'>pulis</span> <span class='ocrx_word' id='word_1_150' title='bbox 328 3242 463 3305; x_wconf 81' lang='lat' dir='ltr'>magnas</span> <span class='ocrx_word' id='word_1_151' title='bbox 487 3223 676 3305; x_wconf 80' lang='lat' dir='ltr'>tragoedias</span> <span class='ocrx_word' id='word_1_152' title='bbox 700 3221 908 3298; x_wconf 77' lang='lat' dir='ltr'>excitaverit,</span> <span class='ocrx_word' id='word_1_153' title='bbox 933 3242 975 3285; x_wconf 91' lang='lat' dir='ltr'>ne</span> <span class='ocrx_word' id='word_1_154' title='bbox 999 3221 1174 3286; x_wconf 89' lang='lat' dir='ltr'>nominan-</span> 
     </span>
     <span class='ocr_line' id='line_1_25' title="bbox 213 3327 1173 3412; baseline -0.005 -18"><span class='ocrx_word' id='word_1_155' title='bbox 213 3331 292 3394; x_wconf 93' lang='lat' dir='ltr'>dum</span> <span class='ocrx_word' id='word_1_156' title='bbox 316 3329 453 3412; x_wconf 89' lang='lat' dir='ltr'>quidem</span> <span class='ocrx_word' id='word_1_157' title='bbox 478 3329 555 3394; x_wconf 85' lang='lat' dir='ltr'>duxi</span> <span class='ocrx_word' id='word_1_158' title='bbox 572 3328 794 3412; x_wconf 89' lang='lat' dir='ltr'>Ephesiorum</span> <span class='ocrx_word' id='word_1_159' title='bbox 814 3327 990 3392; x_wconf 85' lang='lat' dir='ltr'>consilium</span> <span class='ocrx_word' id='word_1_160' title='bbox 1014 3327 1173 3392; x_wconf 86' lang='lat' dir='ltr'>imitatus.</span> 
     </span>
     <span class='ocr_line' id='line_1_26' title="bbox 214 3433 1172 3517; baseline -0.004 -16"><span class='ocrx_word' id='word_1_161' title='bbox 214 3437 387 3501; x_wconf 89' lang='lat' dir='ltr'>Secundus</span> <span class='ocrx_word' id='word_1_162' title='bbox 404 3455 516 3501; x_wconf 86' lang='lat' dir='ltr'>coram</span> <span class='ocrx_word' id='word_1_163' title='bbox 540 3437 669 3517; x_wconf 90' lang='lat' dir='ltr'>aliquot</span> <span class='ocrx_word' id='word_1_164' title='bbox 694 3455 761 3499; x_wconf 92' lang='lat' dir='ltr'>non</span> <span class='ocrx_word' id='word_1_165' title='bbox 779 3433 957 3498; x_wconf 89' lang='lat' dir='ltr'>illitteratis</span> <span class='ocrx_word' id='word_1_166' title='bbox 973 3433 1055 3497; x_wconf 88' lang='lat' dir='ltr'>haec</span> <span class='ocrx_word' id='word_1_167' title='bbox 1071 3433 1172 3497; x_wconf 87' lang='lat' dir='ltr'>verba</span> 
     </span>
     <span class='ocr_line' id='line_1_27' title="bbox 213 3537 1174 3621; baseline -0.006 -15"><span class='ocrx_word' id='word_1_168' title='bbox 213 3542 373 3607; x_wconf 83' lang='lat' dir='ltr'>effutivit:</span> <span class='ocrx_word' id='word_1_169' title='bbox 400 3543 515 3621; x_wconf 84' lang='lat' dir='ltr'>„Unus</span> <span class='ocrx_word' id='word_1_170' title='bbox 540 3541 688 3606; x_wconf 87' lang='lat' dir='ltr'>stuferus</span> <span class='ocrx_word' id='word_1_171' title='bbox 712 3539 848 3604; x_wconf 83' lang='lat' dir='ltr'>habebit</span> <span class='ocrx_word' id='word_1_172' title='bbox 873 3537 1031 3620; x_wconf 81' lang='lat' dir='ltr'>magister</span> <span class='ocrx_word' id='word_1_173' title='bbox 1055 3538 1174 3602; x_wconf 87' lang='lat' dir='ltr'>Gerar-</span> 
     </span>
     <span class='ocr_line' id='line_1_28' title="bbox 217 3643 1175 3729; baseline -0.006 -17"><span class='ocrx_word' id='word_1_174' title='bbox 217 3649 312 3712; x_wconf 86' lang='lat' dir='ltr'>dus.“</span> <span class='ocrx_word' id='word_1_175' title='bbox 362 3647 544 3729; x_wconf 83' lang='lat' dir='ltr'>Odignurn</span> <span class='ocrx_word' id='word_1_176' title='bbox 573 3644 898 3726; x_wconf 80' lang='lat' dir='ltr'>Priscinnomastiga,</span> <span class='ocrx_word' id='word_1_177' title='bbox 923 3643 976 3706; x_wconf 92' lang='lat' dir='ltr'>cui</span> <span class='ocrx_word' id='word_1_178' title='bbox 1000 3663 1053 3707; x_wconf 90' lang='lat' dir='ltr'>res</span> <span class='ocrx_word' id='word_1_179' title='bbox 1070 3643 1175 3707; x_wconf 88' lang='lat' dir='ltr'>eccle-</span> 
     </span>
     <span class='ocr_line' id='line_1_29' title="bbox 125 3747 1175 3828; baseline -0.01 -8"><span class='ocrx_word' id='word_1_180' title='bbox 125 3756 168 3820; x_wconf 87' lang='lat'>30</span> <span class='ocrx_word' id='word_1_181' title='bbox 214 3755 348 3818; x_wconf 86' lang='lat' dir='ltr'>siastica</span> <span class='ocrx_word' id='word_1_182' title='bbox 365 3755 521 3818; x_wconf 85' lang='lat' dir='ltr'>credatur</span> <span class='ocrx_word' id='word_1_183' title='bbox 539 3751 823 3817; x_wconf 89' lang='lat' dir='ltr'>administranda!</span> <span class='ocrx_word' id='word_1_184' title='bbox 853 3751 923 3814; x_wconf 85' lang='lat' dir='ltr'>Nec</span> <span class='ocrx_word' id='word_1_185' title='bbox 938 3747 1058 3813; x_wconf 87' lang='lat' dir='ltr'>tertius</span> <span class='ocrx_word' id='word_1_186' title='bbox 1082 3748 1175 3828; x_wconf 82' lang='lat' dir='ltr'>igno-</span> 
     </span>
     <span class='ocr_line' id='line_1_30' title="bbox 214 3852 1175 3941; baseline -0.008 -17"><span class='ocrx_word' id='word_1_187' title='bbox 214 3861 359 3925; x_wconf 86' lang='lat' dir='ltr'>rantiam</span> <span class='ocrx_word' id='word_1_188' title='bbox 383 3880 478 3924; x_wconf 87' lang='lat' dir='ltr'>suam</span> <span class='ocrx_word' id='word_1_189' title='bbox 502 3859 612 3923; x_wconf 91' lang='lat' dir='ltr'>minus</span> <span class='ocrx_word' id='word_1_190' title='bbox 646 3858 699 3922; x_wconf 92' lang='lat' dir='ltr'>his</span> <span class='ocrx_word' id='word_1_191' title='bbox 723 3857 886 3941; x_wconf 80' lang='lat' dir='ltr'>prodidit,</span> <span class='ocrx_word' id='word_1_192' title='bbox 916 3855 1006 3938; x_wconf 91' lang='lat' dir='ltr'>quod</span> <span class='ocrx_word' id='word_1_193' title='bbox 1037 3852 1071 3916; x_wconf 92' lang='lat' dir='ltr'>in</span> <span class='ocrx_word' id='word_1_194' title='bbox 1096 3872 1175 3917; x_wconf 87' lang='lat' dir='ltr'>con·</span> 
     </span>
     <span class='ocr_line' id='line_1_31' title="bbox 213 3960 1173 4044; baseline -0.011 -13"><span class='ocrx_word' id='word_1_195' title='bbox 213 3968 302 4032; x_wconf 83' lang='lat' dir='ltr'>victu</span> <span class='ocrx_word' id='word_1_196' title='bbox 327 3967 507 4031; x_wconf 88' lang='lat' dir='ltr'>multorum</span> <span class='ocrx_word' id='word_1_197' title='bbox 541 3965 661 4029; x_wconf 86' lang='lat' dir='ltr'>ceteris</span> <span class='ocrx_word' id='word_1_198' title='bbox 685 3963 803 4028; x_wconf 84' lang='lat' dir='ltr'>Latine</span> <span class='ocrx_word' id='word_1_199' title='bbox 827 3960 1067 4044; x_wconf 80' lang='lat' dir='ltr'>garrientibus,</span> <span class='ocrx_word' id='word_1_200' title='bbox 1099 3978 1173 4022; x_wconf 89' lang='lat' dir='ltr'>cum</span> 
     </span>
     <span class='ocr_line' id='line_1_32' title="bbox 213 4065 1173 4148; baseline -0.011 -11"><span class='ocrx_word' id='word_1_201' title='bbox 213 4074 304 4138; x_wconf 86' lang='lat' dir='ltr'>solus</span> <span class='ocrx_word' id='word_1_202' title='bbox 340 4073 396 4137; x_wconf 93' lang='lat' dir='ltr'>diu</span> <span class='ocrx_word' id='word_1_203' title='bbox 432 4073 484 4136; x_wconf 79' lang='lat' dir='ltr'>rel</span> <span class='ocrx_word' id='word_1_204' title='bbox 520 4071 742 4136; x_wconf 88' lang='lat' dir='ltr'>obmutuisset</span> <span class='ocrx_word' id='word_1_205' title='bbox 777 4070 829 4134; x_wconf 83' lang='lat' dir='ltr'>vel</span> <span class='ocrx_word' id='word_1_206' title='bbox 861 4065 1057 4134; x_wconf 85' lang='lat' dir='ltr'>Germanice</span> <span class='ocrx_word' id='word_1_207' title='bbox 1096 4083 1173 4148; x_wconf 88' lang='lat' dir='ltr'>pro-</span> 
     </span>
    </p>
   </div>
   <div class='ocr_carea' id='block_1_3' title="bbox 192 4301 413 4371">
    <p class='ocr_par' dir='ltr' id='par_1_3' title="bbox 192 4301 413 4371">
     <span class='ocr_line' id='line_1_33' title="bbox 192 4301 413 4371; baseline 0 -18"><span class='ocrx_word' id='word_1_208' title='bbox 192 4301 219 4371; x_wconf 79' lang='grc'>·)</span> <span class='ocrx_word' id='word_1_209' title='bbox 239 4301 316 4354; x_wconf 76' lang='lat' dir='ltr'>rehu</span> <span class='ocrx_word' id='word_1_210' title='bbox 335 4303 363 4355; x_wconf 73' lang='lat' dir='ltr'>in</span> <span class='ocrx_word' id='word_1_211' title='bbox 382 4301 413 4354; x_wconf 84' lang='lat' dir='ltr'>n.</span> 
     </span>
    </p>
   </div>
   <div class='ocr_carea' id='block_1_4' title="bbox 0 0 1330 4718">
    <p class='ocr_par' dir='ltr' id='par_1_4' title="bbox 0 0 1330 4718">
     <span class='ocr_line' id='line_1_34' title="bbox 0 0 1330 4718; baseline 0 0"><span class='ocrx_word' id='word_1_212' title='bbox 0 0 1330 4718; x_wconf 95' lang='lat' dir='ltr'> </span> 
     </span>
    </p>
   </div>
  </div>
 </body>
</html>
