<?xml version="1.0" encoding="UTF-8"?>
<!DOCTYPE html PUBLIC "-//W3C//DTD XHTML 1.0 Transitional//EN"
    "http://www.w3.org/TR/xhtml1/DTD/xhtml1-transitional.dtd">
<html xmlns="http://www.w3.org/1999/xhtml" xml:lang="en" lang="en">
 <head>
  <title>
</title>
<meta http-equiv="Content-Type" content="text/html;charset=utf-8" />
  <meta name='ocr-system' content='tesseract 3.04.00' />
  <meta name='ocr-capabilities' content='ocr_page ocr_carea ocr_par ocr_line ocrx_word'/>
</head>
<body>
  <div class='ocr_page' id='page_1' title='image "./ausgewhltewerke00bmgoog_0204.png"; bbox 0 0 2632 4718; ppageno 0'>
   <div class='ocr_carea' id='block_1_1' title="bbox 509 679 726 742">
    <p class='ocr_par' dir='ltr' id='par_1_1' title="bbox 509 679 726 742">
     <span class='ocr_line' id='line_1_1' title="bbox 509 679 726 742; baseline 0 -17"><span class='ocrx_word' id='word_1_1' title='bbox 509 679 726 742; x_wconf 74' lang='lat'>..59-</span> 
     </span>
    </p>
   </div>
   <div class='ocr_carea' id='block_1_2' title="bbox 81 851 1160 3818">
    <p class='ocr_par' dir='ltr' id='par_1_2' title="bbox 81 851 1160 3818">
     <span class='ocr_line' id='line_1_2' title="bbox 152 851 893 937; baseline 0.001 -19"><span class='ocrx_word' id='word_1_2' title='bbox 152 854 309 936; x_wconf 88' lang='lat' dir='ltr'>lugentes</span> <span class='ocrx_word' id='word_1_3' title='bbox 333 851 389 918; x_wconf 88' lang='lat' dir='ltr'>alii</span> <span class='ocrx_word' id='word_1_4' title='bbox 413 854 592 918; x_wconf 82' lang='lat' dir='ltr'>Persarum</span> <span class='ocrx_word' id='word_1_5' title='bbox 613 872 773 936; x_wconf 85' lang='lat' dir='ltr'>quaerere</span> <span class='ocrx_word' id='word_1_6' title='bbox 796 874 893 937; x_wconf 86' lang='lat' dir='ltr'>gazas</span> 
     </span>
     <span class='ocr_line' id='line_1_3' title="bbox 198 959 941 1042; baseline 0.004 -18"><span class='ocrx_word' id='word_1_7' title='bbox 198 961 344 1042; x_wconf 86' lang='lat' dir='ltr'>Pergant</span> <span class='ocrx_word' id='word_1_8' title='bbox 367 962 400 1025; x_wconf 90' lang='lat' dir='ltr'>et</span> <span class='ocrx_word' id='word_1_9' title='bbox 423 959 532 1025; x_wconf 88' lang='lat' dir='ltr'>medio</span> <span class='ocrx_word' id='word_1_10' title='bbox 556 960 671 1026; x_wconf 87' lang='lat' dir='ltr'>clausa</span> <span class='ocrx_word' id='word_1_11' title='bbox 693 961 830 1027; x_wconf 86' lang='lat' dir='ltr'>metalla</span> <span class='ocrx_word' id='word_1_12' title='bbox 852 960 941 1041; x_wconf 86' lang='lat' dir='ltr'>solo;</span> 
     </span>
     <span class='ocr_line' id='line_1_4' title="bbox 151 1065 1057 1151; baseline 0.003 -20"><span class='ocrx_word' id='word_1_13' title='bbox 151 1067 385 1148; x_wconf 71' lang='lat' dir='ltr'>Sardonychas</span> <span class='ocrx_word' id='word_1_14' title='bbox 409 1065 557 1147; x_wconf 90' lang='lat' dir='ltr'>laudent,</span> <span class='ocrx_word' id='word_1_15' title='bbox 580 1067 757 1151; x_wconf 76' lang='lat' dir='ltr'><strong>capiantur</strong></span> <span class='ocrx_word' id='word_1_16' title='bbox 779 1066 919 1151; x_wconf 89' lang='lat' dir='ltr'>iaspide,</span> <span class='ocrx_word' id='word_1_17' title='bbox 944 1073 1057 1134; x_wconf 82' lang='lat' dir='ltr'>restes</span> 
     </span>
     <span class='ocr_line' id='line_1_5' title="bbox 81 1171 1065 1256; baseline 0.004 -20"><span class='ocrx_word' id='word_1_18' title='bbox 81 1175 128 1238; x_wconf 75' lang='lat'>20</span> <span class='ocrx_word' id='word_1_19' title='bbox 198 1173 391 1255; x_wconf 88' lang='lat' dir='ltr'>Suspiciant</span> <span class='ocrx_word' id='word_1_20' title='bbox 414 1171 540 1255; x_wconf 78' lang='lat' dir='ltr'>Tyrias,</span> <span class='ocrx_word' id='word_1_21' title='bbox 563 1192 704 1238; x_wconf 88' lang='lat' dir='ltr'>munera</span> <span class='ocrx_word' id='word_1_22' title='bbox 726 1173 851 1256; x_wconf 87' lang='lat' dir='ltr'>Gangis</span> <span class='ocrx_word' id='word_1_23' title='bbox 874 1177 998 1254; x_wconf 89' lang='lat' dir='ltr'>ament,</span> <span class='ocrx_word' id='word_1_24' title='bbox 1023 1211 1065 1222; x_wconf 96' lang='lat'>—</span> 
     </span>
     <span class='ocr_line' id='line_1_6' title="bbox 152 1277 958 1362; baseline 0.004 -19"><span class='ocrx_word' id='word_1_25' title='bbox 152 1279 203 1344; x_wconf 89' lang='lat' dir='ltr'>Te</span> <span class='ocrx_word' id='word_1_26' title='bbox 226 1279 327 1356; x_wconf 83' lang='lat' dir='ltr'>iuvet,</span> <span class='ocrx_word' id='word_1_27' title='bbox 350 1278 527 1362; x_wconf 76' lang='lat' dir='ltr'>egregiam,</span> <span class='ocrx_word' id='word_1_28' title='bbox 548 1277 696 1362; x_wconf 89' lang='lat' dir='ltr'>Morlagi,</span> <span class='ocrx_word' id='word_1_29' title='bbox 720 1279 958 1346; x_wconf 82' lang='lat' dir='ltr'>bibliothecam</span> 
     </span>
     <span class='ocr_line' id='line_1_7' title="bbox 199 1384 988 1469; baseline -0.001 -19"><span class='ocrx_word' id='word_1_30' title='bbox 199 1387 349 1451; x_wconf 81' lang='lat' dir='ltr'>Condere</span> <span class='ocrx_word' id='word_1_31' title='bbox 372 1387 408 1450; x_wconf 90' lang='lat' dir='ltr'>et</span> <span class='ocrx_word' id='word_1_32' title='bbox 430 1384 624 1450; x_wconf 88' lang='lat' dir='ltr'>innumeros</span> <span class='ocrx_word' id='word_1_33' title='bbox 648 1384 848 1469; x_wconf 75' lang='lat' dir='ltr'>explicuisse</span> <span class='ocrx_word' id='word_1_34' title='bbox 873 1386 988 1453; x_wconf 89' lang='lat' dir='ltr'>libros.</span> 
     </span>
     <span class='ocr_line' id='line_1_8' title="bbox 155 1491 936 1571; baseline 0.003 -14"><span class='ocrx_word' id='word_1_35' title='bbox 155 1493 287 1557; x_wconf 85' lang='lat' dir='ltr'>Atticus</span> <span class='ocrx_word' id='word_1_36' title='bbox 312 1491 456 1558; x_wconf 78' lang='lat' dir='ltr'>emeruit</span> <span class='ocrx_word' id='word_1_37' title='bbox 478 1491 600 1558; x_wconf 84' lang='lat' dir='ltr'>famam</span> <span class='ocrx_word' id='word_1_38' title='bbox 624 1492 824 1559; x_wconf 80' lang='lat' dir='ltr'>Ptsistratus</span> <span class='ocrx_word' id='word_1_39' title='bbox 848 1493 936 1571; x_wconf 89' lang='lat' dir='ltr'>inde,</span> 
     </span>
     <span class='ocr_line' id='line_1_9' title="bbox 201 1597 1052 1685; baseline -0.001 -21"><span class='ocrx_word' id='word_1_40' title='bbox 201 1597 432 1685; x_wconf 66' lang='lat' dir='ltr'>Pamphilost)</span> <span class='ocrx_word' id='word_1_41' title='bbox 455 1600 488 1663; x_wconf 90' lang='lat' dir='ltr'>et</span> <span class='ocrx_word' id='word_1_42' title='bbox 510 1616 633 1665; x_wconf 88' lang='lat' dir='ltr'>nomeu</span> <span class='ocrx_word' id='word_1_43' title='bbox 656 1597 769 1664; x_wconf 91' lang='lat' dir='ltr'>nobile</span> <span class='ocrx_word' id='word_1_44' title='bbox 792 1602 917 1682; x_wconf 84' lang='lat' dir='ltr'>martyr</span> <span class='ocrx_word' id='word_1_45' title='bbox 940 1600 1052 1665; x_wconf 87' lang='lat' dir='ltr'>habet.</span> 
     </span>
     <span class='ocr_line' id='line_1_10' title="bbox 84 1704 1095 1791; baseline -0.003 -19"><span class='ocrx_word' id='word_1_46' title='bbox 84 1709 129 1772; x_wconf 70' lang='lat'>25</span> <span class='ocrx_word' id='word_1_47' title='bbox 154 1707 237 1771; x_wconf 93' lang='lat' dir='ltr'>lude</span> <span class='ocrx_word' id='word_1_48' title='bbox 260 1706 314 1770; x_wconf 87' lang='lat' dir='ltr'>rel</span> <span class='ocrx_word' id='word_1_49' title='bbox 337 1708 473 1770; x_wconf 87' lang='lat' dir='ltr'>aeterna</span> <span class='ocrx_word' id='word_1_50' title='bbox 496 1704 738 1789; x_wconf 88' lang='lat' dir='ltr'>Philadelphus</span> <span class='ocrx_word' id='word_1_51' title='bbox 747 1705 775 1791; x_wconf 81' lang='lat' dir='ltr'>t)</span> <span class='ocrx_word' id='word_1_52' title='bbox 800 1705 899 1771; x_wconf 89' lang='lat' dir='ltr'>laude</span> <span class='ocrx_word' id='word_1_53' title='bbox 922 1706 1095 1788; x_wconf 88' lang='lat' dir='ltr'>probatur,</span> 
     </span>
     <span class='ocr_line' id='line_1_11' title="bbox 203 1810 857 1894; baseline 0 -18"><span class='ocrx_word' id='word_1_54' title='bbox 203 1813 275 1877; x_wconf 86' lang='lat' dir='ltr'>Rex</span> <span class='ocrx_word' id='word_1_55' title='bbox 298 1810 494 1894; x_wconf 76' lang='lat' dir='ltr'>Aegyptiaci</span> <span class='ocrx_word' id='word_1_56' title='bbox 517 1810 621 1894; x_wconf 86' lang='lat' dir='ltr'>gloria</span> <span class='ocrx_word' id='word_1_57' title='bbox 643 1831 763 1892; x_wconf 87' lang='lat' dir='ltr'>magna</span> <span class='ocrx_word' id='word_1_58' title='bbox 786 1812 857 1891; x_wconf 91' lang='lat' dir='ltr'>soli,</span> 
     </span>
     <span class='ocr_line' id='line_1_12' title="bbox 162 1916 988 2010; baseline -0.001 -26"><span class='ocrx_word' id='word_1_59' title='bbox 162 1918 322 1984; x_wconf 85' lang='lat' dir='ltr'>Demetrii</span> <span class='ocrx_word' id='word_1_60' title='bbox 345 1916 476 1985; x_wconf 88' lang='lat' dir='ltr'>monitu</span> <span class='ocrx_word' id='word_1_61' title='bbox 499 1918 558 2003; x_wconf 92' lang='lat' dir='ltr'>qui</span> <span class='ocrx_word' id='word_1_62' title='bbox 580 1937 674 1984; x_wconf 87' lang='lat' dir='ltr'>sacra</span> <span class='ocrx_word' id='word_1_63' title='bbox 697 1918 866 2010; x_wconf 81' lang='lat' dir='ltr'>solumina</span> <span class='ocrx_word' id='word_1_64' title='bbox 889 1918 988 1983; x_wconf 89' lang='lat' dir='ltr'>iussit</span> 
     </span>
     <span class='ocr_line' id='line_1_13' title="bbox 201 2024 978 2109; baseline 0 -19"><span class='ocrx_word' id='word_1_65' title='bbox 201 2026 240 2090; x_wconf 94' lang='lat' dir='ltr'>ln</span> <span class='ocrx_word' id='word_1_66' title='bbox 264 2026 411 2091; x_wconf 86' lang='lat' dir='ltr'>Graecae</span> <span class='ocrx_word' id='word_1_67' title='bbox 434 2024 565 2109; x_wconf 77' lang='lat' dir='ltr'>linguae</span> <span class='ocrx_word' id='word_1_68' title='bbox 588 2027 719 2090; x_wconf 83' lang='lat' dir='ltr'>vertere</span> <span class='ocrx_word' id='word_1_69' title='bbox 742 2025 845 2091; x_wconf 82' lang='lat' dir='ltr'>rerba</span> <span class='ocrx_word' id='word_1_70' title='bbox 869 2045 978 2090; x_wconf 87' lang='lat' dir='ltr'>senes.</span> 
     </span>
     <span class='ocr_line' id='line_1_14' title="bbox 156 2130 973 2213; baseline -0.001 -17"><span class='ocrx_word' id='word_1_71' title='bbox 156 2131 319 2198; x_wconf 85' lang='lat' dir='ltr'>Aemilius</span> <span class='ocrx_word' id='word_1_72' title='bbox 342 2132 477 2212; x_wconf 90' lang='lat' dir='ltr'>Paulus,</span> <span class='ocrx_word' id='word_1_73' title='bbox 502 2131 673 2212; x_wconf 87' lang='lat' dir='ltr'>Lucullus,</span> <span class='ocrx_word' id='word_1_74' title='bbox 698 2131 814 2213; x_wconf 90' lang='lat' dir='ltr'>Pollio,</span> <span class='ocrx_word' id='word_1_75' title='bbox 839 2130 973 2211; x_wconf 88' lang='lat' dir='ltr'>Caesar,</span> 
     </span>
     <span class='ocr_line' id='line_1_15' title="bbox 87 2237 963 2321; baseline 0 -18"><span class='ocrx_word' id='word_1_76' title='bbox 87 2243 133 2306; x_wconf 80' lang='lat'>30</span> <span class='ocrx_word' id='word_1_77' title='bbox 204 2239 339 2304; x_wconf 85' lang='lat' dir='ltr'>Attalus</span> <span class='ocrx_word' id='word_1_78' title='bbox 361 2237 440 2303; x_wconf 92' lang='lat' dir='ltr'>hinc</span> <span class='ocrx_word' id='word_1_79' title='bbox 463 2237 588 2303; x_wconf 89' lang='lat' dir='ltr'>clarum</span> <span class='ocrx_word' id='word_1_80' title='bbox 611 2257 827 2321; x_wconf 90' lang='lat' dir='ltr'>promeruero</span> <span class='ocrx_word' id='word_1_81' title='bbox 852 2239 963 2303; x_wconf 88' lang='lat' dir='ltr'>decus.</span> 
     </span>
     <span class='ocr_line' id='line_1_16' title="bbox 166 2344 1160 2426; baseline -0.001 -16"><span class='ocrx_word' id='word_1_82' title='bbox 166 2346 257 2411; x_wconf 83' lang='lat' dir='ltr'>llaec</span> <span class='ocrx_word' id='word_1_83' title='bbox 281 2346 358 2410; x_wconf 93' lang='lat' dir='ltr'>sunt</span> <span class='ocrx_word' id='word_1_84' title='bbox 382 2364 475 2410; x_wconf 91' lang='lat' dir='ltr'>arma</span> <span class='ocrx_word' id='word_1_85' title='bbox 498 2364 613 2410; x_wconf 89' lang='lat' dir='ltr'>sacrae</span> <span class='ocrx_word' id='word_1_86' title='bbox 629 2344 772 2410; x_wconf 89' lang='lat' dir='ltr'>multum</span> <span class='ocrx_word' id='word_1_87' title='bbox 795 2347 966 2410; x_wconf 88' lang='lat' dir='ltr'>tractanda</span> <span class='ocrx_word' id='word_1_88' title='bbox 982 2346 1160 2426; x_wconf 87' lang='lat' dir='ltr'>lllinerrae,</span> 
     </span>
     <span class='ocr_line' id='line_1_17' title="bbox 203 2451 912 2535; baseline -0.001 -19"><span class='ocrx_word' id='word_1_89' title='bbox 203 2453 296 2531; x_wconf 87' lang='lat' dir='ltr'>Quae</span> <span class='ocrx_word' id='word_1_90' title='bbox 321 2451 428 2535; x_wconf 87' lang='lat' dir='ltr'>pretio</span> <span class='ocrx_word' id='word_1_91' title='bbox 452 2451 545 2518; x_wconf 90' lang='lat' dir='ltr'>nullo</span> <span class='ocrx_word' id='word_1_92' title='bbox 568 2471 636 2517; x_wconf 93' lang='lat' dir='ltr'>non</span> <span class='ocrx_word' id='word_1_93' title='bbox 659 2451 797 2517; x_wconf 89' lang='lat' dir='ltr'>meliora</span> <span class='ocrx_word' id='word_1_94' title='bbox 821 2453 912 2534; x_wconf 85' lang='lat' dir='ltr'>putu.</span> 
     </span>
     <span class='ocr_line' id='line_1_18' title="bbox 160 2558 1040 2642; baseline 0 -20"><span class='ocrx_word' id='word_1_95' title='bbox 160 2559 253 2623; x_wconf 89' lang='lat' dir='ltr'>Haec</span> <span class='ocrx_word' id='word_1_96' title='bbox 276 2562 329 2624; x_wconf 88' lang='lat' dir='ltr'>est</span> <span class='ocrx_word' id='word_1_97' title='bbox 353 2558 472 2642; x_wconf 89' lang='lat' dir='ltr'>regalis</span> <span class='ocrx_word' id='word_1_98' title='bbox 495 2559 659 2641; x_wconf 82' lang='lat' dir='ltr'>valdeque</span> <span class='ocrx_word' id='word_1_99' title='bbox 682 2559 857 2641; x_wconf 89' lang='lat' dir='ltr'>probanda</span> <span class='ocrx_word' id='word_1_100' title='bbox 880 2559 1040 2642; x_wconf 78' lang='lat' dir='ltr'>supellex.</span> 
     </span>
     <span class='ocr_line' id='line_1_19' title="bbox 204 2663 928 2749; baseline 0 -20"><span class='ocrx_word' id='word_1_101' title='bbox 204 2666 297 2730; x_wconf 90' lang='lat' dir='ltr'>Haec</span> <span class='ocrx_word' id='word_1_102' title='bbox 320 2667 354 2731; x_wconf 91' lang='lat' dir='ltr'>et</span> <span class='ocrx_word' id='word_1_103' title='bbox 377 2663 512 2731; x_wconf 89' lang='lat' dir='ltr'>Deliaco</span> <span class='ocrx_word' id='word_1_104' title='bbox 535 2665 708 2749; x_wconf 88' lang='lat' dir='ltr'>pulchrius</span> <span class='ocrx_word' id='word_1_105' title='bbox 732 2685 809 2731; x_wconf 87' lang='lat' dir='ltr'>aere</span> <span class='ocrx_word' id='word_1_106' title='bbox 833 2666 928 2729; x_wconf 91' lang='lat' dir='ltr'>nitet.</span> 
     </span>
     <span class='ocr_line' id='line_1_20' title="bbox 92 2770 945 2854; baseline 0 -20"><span class='ocrx_word' id='word_1_107' title='bbox 92 2774 135 2835; x_wconf 82' lang='lat'>35</span> <span class='ocrx_word' id='word_1_108' title='bbox 160 2771 204 2835; x_wconf 89' lang='lat' dir='ltr'>Hi</span> <span class='ocrx_word' id='word_1_109' title='bbox 228 2771 463 2837; x_wconf 90' lang='lat' dir='ltr'>conducibeles</span> <span class='ocrx_word' id='word_1_110' title='bbox 485 2770 601 2837; x_wconf 86' lang='lat' dir='ltr'>famuli</span> <span class='ocrx_word' id='word_1_111' title='bbox 625 2771 778 2854; x_wconf 87' lang='lat' dir='ltr'>gratique</span> <span class='ocrx_word' id='word_1_112' title='bbox 802 2771 945 2850; x_wconf 85' lang='lat' dir='ltr'>sodales,</span> 
     </span>
     <span class='ocr_line' id='line_1_21' title="bbox 204 2877 887 2945; baseline -0.003 -2"><span class='ocrx_word' id='word_1_113' title='bbox 204 2878 295 2945; x_wconf 87' lang='lat' dir='ltr'>Citra</span> <span class='ocrx_word' id='word_1_114' title='bbox 317 2878 479 2945; x_wconf 88' lang='lat' dir='ltr'>clamores</span> <span class='ocrx_word' id='word_1_115' title='bbox 503 2880 536 2943; x_wconf 92' lang='lat' dir='ltr'>et</span> <span class='ocrx_word' id='word_1_116' title='bbox 560 2877 632 2943; x_wconf 89' lang='lat' dir='ltr'>sine</span> <span class='ocrx_word' id='word_1_117' title='bbox 657 2879 774 2943; x_wconf 88' lang='lat' dir='ltr'>fraude</span> <span class='ocrx_word' id='word_1_118' title='bbox 797 2877 887 2941; x_wconf 90' lang='lat' dir='ltr'>boni.</span> 
     </span>
     <span class='ocr_line' id='line_1_22' title="bbox 161 2984 1047 3066; baseline -0.005 -17"><span class='ocrx_word' id='word_1_119' title='bbox 161 2985 205 3050; x_wconf 91' lang='lat' dir='ltr'>Hi</span> <span class='ocrx_word' id='word_1_120' title='bbox 229 2989 342 3051; x_wconf 90' lang='lat' dir='ltr'>tecum</span> <span class='ocrx_word' id='word_1_121' title='bbox 364 2986 472 3063; x_wconf 89' lang='lat' dir='ltr'>docta,</span> <span class='ocrx_word' id='word_1_122' title='bbox 496 3005 571 3050; x_wconf 92' lang='lat' dir='ltr'>cum</span> <span class='ocrx_word' id='word_1_123' title='bbox 594 2984 744 3062; x_wconf 82' lang='lat' dir='ltr'>iusseris,</span> <span class='ocrx_word' id='word_1_124' title='bbox 769 2987 839 3048; x_wconf 88' lang='lat' dir='ltr'>arte</span> <span class='ocrx_word' id='word_1_125' title='bbox 864 2984 1047 3066; x_wconf 86' lang='lat' dir='ltr'>loquuntur</span> 
     </span>
     <span class='ocr_line' id='line_1_23' title="bbox 205 3089 965 3175; baseline -0.003 -18"><span class='ocrx_word' id='word_1_126' title='bbox 205 3093 247 3157; x_wconf 85' lang='lat' dir='ltr'>Et</span> <span class='ocrx_word' id='word_1_127' title='bbox 269 3091 381 3174; x_wconf 90' lang='lat' dir='ltr'>tacito,</span> <span class='ocrx_word' id='word_1_128' title='bbox 404 3093 581 3175; x_wconf 87' lang='lat' dir='ltr'>postquam</span> <span class='ocrx_word' id='word_1_129' title='bbox 606 3091 753 3167; x_wconf 88' lang='lat' dir='ltr'>iusseris,</span> <span class='ocrx_word' id='word_1_130' title='bbox 776 3110 832 3154; x_wconf 92' lang='lat' dir='ltr'>ore</span> <span class='ocrx_word' id='word_1_131' title='bbox 856 3089 965 3155; x_wconf 87' lang='lat' dir='ltr'>silent.</span> 
     </span>
     <span class='ocr_line' id='line_1_24' title="bbox 160 3197 941 3280; baseline -0.004 -16"><span class='ocrx_word' id='word_1_132' title='bbox 160 3200 321 3265; x_wconf 82' lang='lat' dir='ltr'>Arridcnt</span> <span class='ocrx_word' id='word_1_133' title='bbox 345 3199 432 3264; x_wconf 88' lang='lat' dir='ltr'>laeto</span> <span class='ocrx_word' id='word_1_134' title='bbox 456 3199 738 3280; x_wconf 90' lang='lat' dir='ltr'>consolanturque</span> <span class='ocrx_word' id='word_1_135' title='bbox 762 3197 941 3271; x_wconf 87' lang='lat' dir='ltr'>dolentem,</span> 
     </span>
     <span class='ocr_line' id='line_1_25' title="bbox 94 3303 883 3390; baseline -0.009 -18"><span class='ocrx_word' id='word_1_136' title='bbox 94 3309 139 3372; x_wconf 82' lang='lat' dir='ltr'>-lll</span> <span class='ocrx_word' id='word_1_137' title='bbox 207 3305 363 3390; x_wconf 82' lang='lat' dir='ltr'>Eripiunt</span> <span class='ocrx_word' id='word_1_138' title='bbox 386 3326 495 3385; x_wconf 88' lang='lat' dir='ltr'>curas,</span> <span class='ocrx_word' id='word_1_139' title='bbox 519 3305 637 3387; x_wconf 85' lang='lat' dir='ltr'>gaudia</span> <span class='ocrx_word' id='word_1_140' title='bbox 660 3325 740 3369; x_wconf 88' lang='lat' dir='ltr'>vera</span> <span class='ocrx_word' id='word_1_141' title='bbox 763 3303 883 3368; x_wconf 84' lang='lat' dir='ltr'>ferunt.</span> 
     </span>
     <span class='ocr_line' id='line_1_26' title="bbox 163 3410 1020 3498; baseline -0.006 -20"><span class='ocrx_word' id='word_1_142' title='bbox 163 3414 226 3479; x_wconf 86' lang='lat' dir='ltr'>His</span> <span class='ocrx_word' id='word_1_143' title='bbox 249 3414 371 3498; x_wconf 89' lang='lat' dir='ltr'>opibus</span> <span class='ocrx_word' id='word_1_144' title='bbox 394 3413 499 3478; x_wconf 88' lang='lat' dir='ltr'>fretus</span> <span class='ocrx_word' id='word_1_145' title='bbox 522 3411 705 3495; x_wconf 86' lang='lat' dir='ltr'>pretiosam</span> <span class='ocrx_word' id='word_1_146' title='bbox 729 3410 863 3493; x_wconf 86' lang='lat' dir='ltr'>despice</span> <span class='ocrx_word' id='word_1_147' title='bbox 887 3411 1020 3489; x_wconf 89' lang='lat' dir='ltr'>citrum,</span> 
     </span>
     <span class='ocr_line' id='line_1_27' title="bbox 208 3511 1018 3604; baseline -0.009 -18"><span class='ocrx_word' id='word_1_148' title='bbox 208 3511 420 3604; x_wconf 69' lang='lat' dir='ltr'>Phasiacast)</span> <span class='ocrx_word' id='word_1_149' title='bbox 444 3519 595 3585; x_wconf 78' lang='lat' dir='ltr'>volucres</span> <span class='ocrx_word' id='word_1_150' title='bbox 620 3518 871 3601; x_wconf 82' lang='lat' dir='ltr'>Hesperiaeque&#39;</span> <span class='ocrx_word' id='word_1_151' title='bbox 896 3517 1018 3581; x_wconf 88' lang='lat' dir='ltr'>bores!</span> 
     </span>
     <span class='ocr_line' id='line_1_28' title="bbox 162 3625 1092 3706; baseline -0.008 -13"><span class='ocrx_word' id='word_1_152' title='bbox 162 3628 345 3693; x_wconf 85' lang='lat' dir='ltr'>Caesareas</span> <span class='ocrx_word' id='word_1_153' title='bbox 367 3627 499 3692; x_wconf 87' lang='lat' dir='ltr'>trabeas</span> <span class='ocrx_word' id='word_1_154' title='bbox 522 3629 698 3690; x_wconf 88' lang='lat' dir='ltr'>contemne</span> <span class='ocrx_word' id='word_1_155' title='bbox 723 3625 936 3706; x_wconf 86' lang='lat' dir='ltr'>superbaque</span> <span class='ocrx_word' id='word_1_156' title='bbox 961 3626 1092 3706; x_wconf 77' lang='lat' dir='ltr'>sceptra</span> 
     </span>
     <span class='ocr_line' id='line_1_29' title="bbox 207 3729 978 3818; baseline -0.008 -18"><span class='ocrx_word' id='word_1_157' title='bbox 207 3735 249 3800; x_wconf 87' lang='lat' dir='ltr'>Et</span> <span class='ocrx_word' id='word_1_158' title='bbox 273 3732 437 3818; x_wconf 91' lang='lat' dir='ltr'>quidquid</span> <span class='ocrx_word' id='word_1_159' title='bbox 460 3731 570 3815; x_wconf 90' lang='lat' dir='ltr'>magni</span> <span class='ocrx_word' id='word_1_160' title='bbox 593 3732 694 3797; x_wconf 89' lang='lat' dir='ltr'>turba</span> <span class='ocrx_word' id='word_1_161' title='bbox 717 3730 858 3813; x_wconf 84' lang='lat' dir='ltr'>profana</span> <span class='ocrx_word' id='word_1_162' title='bbox 882 3729 978 3796; x_wconf 85' lang='lat' dir='ltr'>lacit!</span> 
     </span>
    </p>
   </div>
   <div class='ocr_carea' id='block_1_3' title="bbox 0 0 1320 4718">
    <p class='ocr_par' dir='ltr' id='par_1_3' title="bbox 0 0 1320 4718">
     <span class='ocr_line' id='line_1_30' title="bbox 0 0 1320 4718; baseline 0 0"><span class='ocrx_word' id='word_1_163' title='bbox 0 0 1320 4718; x_wconf 95' lang='lat' dir='ltr'> </span> 
     </span>
    </p>
   </div>
  </div>
 </body>
</html>
