2632 4718
540 688 782 751 -107-

195 864 297 931 Felici
320 865 470 949 prudens
494 863 590 930 finxit
613 883 697 947 quos
721 866 792 929 arte
815 864 1045 940 Prometheus,

238 971 443 1036 Aetheream
465 971 574 1035 lucem
597 990 664 1036 non
688 971 870 1053 superante
895 971 974 1046 luto,

195 1078 240 1142 Hi
264 1097 385 1142 novere
408 1077 514 1141 bonas
536 1076 649 1159 pravis
673 1095 848 1140 secernere
873 1077 983 1155 rebus,

242 1182 401 1249 Consiliis
424 1183 552 1265 pollent
575 1184 777 1266 ingenioque
800 1182 921 1265 rigent.

126 1295 168 1356 15
194 1290 281 1355 Acta
304 1290 533 1366 recordantur,
556 1293 680 1355 norunt
704 1291 859 1372 exempla
883 1291 1039 1372 priorum,

243 1396 352 1462 Cauta
373 1395 585 1479 prospiciunt
609 1397 721 1461 mente
744 1395 856 1460 lutura
880 1396 954 1460 sibi.

197 1504 255 1569 Nil
277 1507 405 1568 temere
428 1501 602 1586 incipiunt,
627 1505 718 1568 recle
742 1503 933 1586 praesentia
957 1504 1113 1579 tractant,

242 1610 381 1675 illatoris
404 1609 532 1675 obeunt
554 1608 759 1691 perficienda
782 1609 899 1674 modis.

197 1711 367 1781 Adrersos
390 1716 459 1781 rita
482 1735 580 1780 casus
604 1735 764 1799 superare
788 1717 956 1798 magistra,

124 1825 173 1890 ‘20
243 1824 410 1907 Spernere
433 1822 586 1887 fortunae
610 1823 823 1888 condidicere
847 1823 964 1887 minas.

199 1929 243 1994 Hi
267 1929 508 1995 nanciscuntur
531 1930 766 1995 memorandae
790 1929 939 2011 praemia
964 1929 1069 1994 laudis

247 2036 289 2101 nt
312 2035 456 2100 nitidum
479 2039 640 2119 spargunt
663 2056 784 2101 nomen
808 2036 841 2099 in
865 2056 923 2100 ora
947 2035 1063 2100 rirum.

200 2142 240 2207 ld
263 2142 377 2208 docuit
401 2162 516 2225 regum
539 2143 608 2225 regi
633 2142 824 2207 carissimus
848 2145 957 2220 heroe,

244 2249 389 2322 Dulcius
406 2269 444 2314 os
467 2249 563 2313 cuius
586 2249 684 2314 melle
708 2248 872 2314 trisaeclis
896 2248 1016 2330 erasse

126 2356 175 2421 25
200 2354 292 2420 Iliaci
317 2355 460 2420 domitor
482 2355 608 2439 populi,
632 2356 789 2420 cordatus
813 2356 957 2437 Ulyssos,

244 2462 286 2525 Et
309 2462 367 2544 qui
390 2462 575 2545 Spartanas
599 2462 726 2544 legibus
750 2461 841 2526 anxit
865 2482 955 2543 opos.

200 2568 332 2633 incluta
355 2567 403 2632 sic
427 2567 507 2632 clari
532 2569 719 2633 celebratur
743 2568 830 2632 sama
855 2570 997 2648 Solonis,

245 2674 301 2739 Sic
324 2674 418 2738 Fabii
442 2694 564 2739 nomen
587 2675 798 2757 Fabriciique
824 2679 946 2739 manet.

201 2780 329 2845 Horum
355 2781 396 2846 de
420 2800 566 2859 numero,
591 2781 640 2846 vir
663 2781 934 2864 prudentissime,
960 2782 1059 2856 salve,

129 2889 177 2952 30
246 2886 394 2953 Consilio
417 2888 536 2970 priscis
559 2888 829 2970 aequiparandus
854 2889 939 2952 arist

201 2992 249 3056 'l'e
272 2994 422 3076 probitas
446 3013 559 3058 carum
584 2995 671 3073 facit,
696 2995 903 3077 experientia
927 2998 1072 3070 cautum,

245 3099 332 3163 Hinc
355 3099 415 3164 libi
439 3120 515 3164 cum
538 3101 662 3165 celebri
686 3100 820 3164 nomino
845 3103 949 3183 surgit
973 3103 1088 3169 honor.

202 3204 252 3280 Et,
277 3206 394 3286 faleor,
419 3211 534 3272 nostro
558 3207 663 3272 maior
688 3211 745 3272 tua
770 3208 917 3272 carmine
942 3207 1056 3283 rirlns,

245 3311 352 3390 Quod,
378 3313 454 3377 licet
477 3313 650 3393 incultum,
675 3314 822 3392 consulo,
845 3333 980 3396 quaeso,
1005 3314 1094 3377 boni.

632 3581 702 3645 Vll,

542 3721 602 3790 De
630 3720 790 3789 iustitia.

134 3824 198 3893 Ad
219 3825 469 3913 praeclarum
498 3830 538 3895 et
567 3826 742 3896 nobilem
774 3826 902 3895 virum
925 3826 1200 3894 Hermannum

134 3931 293 4002 Hoerde
303 3935 349 4018 ¹),
381 3932 571 4002 ecclesiae
599 3932 928 4003 Monasteriensis
952 3931 1199 4012 canonicum,

262 4038 468 4109 dominum
491 4058 609 4108 suum
631 4040 748 4110 unios
772 4038 1077 4109 observandum.

161 4186 173 4247 l
201 4182 350 4248 Iustitiae
376 4185 491 4266 dignas
517 4187 592 4266 quis
616 4186 721 4267 possit
746 4186 855 4248 dicere
880 4183 1017 4248 laudes?

248 4290 312 4355 Pro
336 4292 464 4355 meritis
488 4291 561 4373 quis
587 4311 659 4356 cam
685 4310 940 4355 commemorare
965 4290 1088 4373 queat?
