2632 4718
610 724 828 795 -ol—

258 909 323 972 Scd
348 928 422 972 cum
446 907 587 973 virtutes
612 907 743 971 Alberti
767 909 876 990 cogito
900 928 1040 979 mecum,

302 1018 387 1078 Sunt
410 1015 566 1094 nebulae,
590 1034 677 1095 quac
700 1013 767 1078 iam
792 1015 847 1077 lux
870 1013 950 1077 mihi
975 1013 1047 1077 risa
1071 1012 1141 1077 luit.

257 1121 392 1184 l'ilcscit
415 1119 527 1185 subito
551 1120 645 1184 stulti
669 1119 835 1202 sapientia
858 1120 985 1189 mundi,

191 1227 233 1291 30
301 1226 413 1308 Atque
437 1245 560 1290 norum
584 1226 693 1291 laudis
716 1246 815 1308 cogor
838 1226 930 1290 obire
953 1246 1068 1307 genus.

257 1332 499 1396 Commcudent
523 1333 579 1396 alii
603 1332 702 1396 claris
726 1331 894 1397 natalibus
917 1335 1043 1395 ortum:

302 1438 466 1502 Nobilitas
490 1438 620 1521 generis
645 1442 697 1503 cst
721 1441 753 1502 et
776 1434 1045 1520 Anaxago-aest)

258 1545 421 1621 Laudent,
447 1546 536 1626 quod
559 1545 677 1628 patriis
701 1545 868 1608 thesauris
892 1544 1055 1626 spreverit
1079 1543 1143 1607 uti:

303 1649 510 1715 Derarocritus
527 1649 553 1728 ⁵)
578 1671 725 1714 summas
749 1656 870 1732 sponte
894 1651 1029 1732 reliquit
1052 1668 1144 1731 opes,

191 1757 234 1820 35
259 1756 439 1821 Barbariac
463 1757 593 1820 mediae
617 1757 751 1821 doctum
775 1756 938 1821 mirentur
962 1757 997 1819 in
1021 1757 1106 1820 oris:

229 1944 233 1952 Ι
304 1863 343 1926 ln
367 1863 504 1944 Scythia
526 1861 661 1946 sapiens
685 1863 733 1926 sic
756 1862 961 1927 Anacharsis
975 1861 1001 1941 ⁶)
1026 1866 1105 1926 crat.

257 1969 383 2033 Floruit
406 1968 567 2034 Albertus
591 1968 718 2033 cunctis
742 1968 922 2033 virtutibus
947 1968 1035 2032 iuter

301 2075 466 2150 Mortales
490 2075 611 2151 anima,
636 2094 785 2157 corpore,
810 2079 899 2139 sorte
923 2077 1052 2156 potens.

259 2181 338 2245 Plus
362 2180 468 2263 pietas
493 2181 598 2258 illum,
623 2201 725 2262 quam
748 2181 852 2261 gloria
876 2181 1058 2262 sanguinis,
1082 2184 1189 2258 ornat,

192 2289 237 2351 40
304 2287 458 2370 Amplius
482 2287 605 2367 ingenii
631 2288 725 2369 copia
749 2288 882 2352 divitiis

259 2393 400 2457 Artibus
424 2393 580 2458 humanis
603 2394 733 2476 patriae
759 2398 951 2476 compensat
975 2395 1107 2459 abunde

302 2499 508 2575 Barbariem,
533 2503 603 2563 toto
628 2501 747 2580 dignus
772 2501 806 2563 in
830 2502 909 2564 orbc
931 2501 1014 2565 cani.

258 2606 429 2688 Quidquid
452 2607 649 2670 Aristotcles
672 2607 784 2670 hausit
808 2608 848 2670 de
872 2608 962 2671 fonto
986 2607 1143 2688 magistri,

303 2711 473 2794 Quidquid
493 2713 593 2777 habet
617 2713 754 2794 sophiae
779 2713 926 2790 thuccia,
951 2713 1113 2795 quidquid
1137 2713 1256 2785 Arabs,

191 2820 233 2883 45
260 2818 418 2883 hibertus
442 2820 565 2902 cupido
589 2819 739 2901 percepit
763 2822 898 2902 pcctorc
924 2824 1042 2896 toturn,

304 2926 435 2989 lnvcnit
458 2927 585 3007 pariter
609 2926 751 3007 plurima
776 2928 879 2990 llarle
904 2947 974 2990 suu.

259 3031 448 3095 Carneades
472 3052 591 3112 magno
616 3033 697 3095 nihil
722 3036 779 3096 aut
805 3033 926 3096 sudore
951 3029 1167 3115 Cleanllrcs7)

310 3137 480 3220 Comperit
505 3139 559 3202 aut
587 3137 735 3222 Pharin)
758 3159 838 3220 gons
862 3158 1001 3219 operosa
1026 3139 1097 3209 soli,

259 3244 356 3320 Quod
382 3264 446 3307 non
472 3245 525 3307 hic
542 3244 643 3307 sciret
666 3264 793 3326 porquc
811 3247 897 3308 huno
919 3245 1068 3309 studiosa
1091 3244 1256 3314 inventus,

194 3352 236 3414 50
306 3349 523 3431 Grandiloqui
548 3351 699 3431 pendeus
723 3372 854 3434 semper
878 3352 919 3414 alr
944 3373 1001 3416 oro
1027 3351 1098 3414 riri.

206 3537 210 3544 .
260 3457 336 3520 Non
361 3457 485 3520 ctcnirn
510 3457 621 3521 modio
645 3458 749 3521 voluit
773 3459 880 3521 celare
905 3459 1084 3523 lucernam.

304 3563 378 3626 Non
403 3561 519 3644 liquidi
544 3563 657 3626 dulces
682 3565 835 3626 claurlcro
860 3564 961 3626 sontis
986 3584 1099 3645 aquam.

260 3670 325 3733 Sed
349 3669 500 3733 meminit
525 3674 640 3733 natum
666 3691 738 3732 scsc
766 3671 867 3734 totius
892 3672 933 3734 arl
960 3692 1056 3734 usunr

306 3776 452 3838 Humani
477 3775 610 3856 generis
634 3780 900 3858 perpetuumque
926 3778 1038 3840 dccus.

194 3883 235 3945 55
260 3881 399 3945 Cultura
423 3882 552 3945 steriles
577 3883 668 3945 dcdit
693 3883 902 3947 esllorescorc
927 3887 1065 3956 mentes,

304 3987 452 4051 Instituit
477 3989 599 4052 inultos
624 3989 823 4070 cdocrritquo
848 3991 945 4053 viros

260 4093 352 4170 Quos
375 4094 461 4157 inter
485 4094 631 4158 Thomas
656 4096 776 4159 illustri
802 4097 874 4159 luce
901 4096 1049 4176 rclulgot.

305 4199 449 4263 Thomas
474 4200 585 4264 <lirina
609 4202 768 4282 religiono
793 4202 911 4271 nitens,

260 4305 414 4379 Thomas,
440 4327 539 4388 quem
563 4307 647 4370 tanti
675 4309 826 4371 ltornana
851 4308 991 4371 ecclesia
1017 4308 1102 4385 lecit,
