2632 4718
283 908 325 973 Et
349 908 510 973 scelerum
534 929 659 993 poenas
683 909 746 973 sub
771 910 989 993 phlegetonte
1012 929 1140 991 graves,

239 1015 386 1080 Naturae
410 1017 513 1080 decus
537 1015 704 1081 humanae
730 1017 921 1081 meditando
945 1017 1103 1092 revolvat,

283 1122 391 1199 Quam
414 1121 504 1185 vitiis
528 1142 694 1187 summum
719 1127 771 1187 est
795 1123 994 1187 dedecorare
1019 1125 1122 1188 netas.

175 1229 213 1292 15
238 1227 449 1309 Compositae
472 1246 589 1311 pacem
612 1228 732 1292 mentis
755 1230 944 1312 perpendat
968 1232 1000 1292 el
1024 1229 1093 1293 alto

283 1335 447 1400 Aestimet
470 1336 617 1401 auctoris
641 1355 781 1401 munera
804 1336 904 1401 corde
928 1335 990 1400 sui.

239 1441 345 1506 Saeva
369 1442 478 1506 crucis
502 1442 627 1507 domini
652 1442 687 1506 in
710 1445 827 1525 pectus
851 1446 1016 1506 tormenta
1040 1443 1184 1519 reducat,

283 1549 348 1613 Pro
372 1551 488 1614 nostra
511 1548 616 1614 voluit
639 1551 767 1631 quanta
790 1550 896 1614 salute
921 1551 1001 1630 pati.

237 1654 384 1719 Eximios
407 1653 485 1719 fidei
509 1658 639 1720 sacrato
663 1655 825 1737 sanguine
849 1657 952 1719 testes

171 1761 215 1825 ⁶20
281 1761 322 1824 Et
348 1761 472 1826 recolat
495 1761 601 1826 claros
627 1760 797 1843 relligione
821 1762 920 1825 viros,

239 1867 300 1932 His
325 1867 426 1931 armis
449 1867 552 1931 animi
575 1886 720 1932 vesanus
743 1867 879 1951 pellitur
902 1868 1011 1941 ardor,

284 1972 422 2055 Cogitur
445 1976 479 2036 et
503 1974 645 2038 daemon
669 1976 798 2038 vertere
822 1977 913 2056 terga
936 1974 1053 2037 malus.

675 2307 731 2372 III.

418 2446 467 2515 In
488 2445 756 2534 voluptarium
778 2447 991 2516 hominem.

196 2611 210 2671 1
239 2609 306 2672 Cur
329 2609 374 2673 ita
398 2608 612 2690 praestringit
635 2608 750 2671 oculos
774 2608 898 2672 furiosa
923 2610 1074 2692 voluptas

283 2714 448 2796 Corporis,
473 2718 511 2779 ut
534 2734 694 2796 praeceps
719 2715 754 2778 iu
778 2715 886 2778 scelus
909 2736 1007 2779 omno
1032 2717 1130 2780 ruas?

238 2822 312 2886 Mox
336 2821 495 2904 resipisce
520 2821 621 2885 miser
645 2841 706 2886 nec
730 2822 835 2904 legem
859 2841 958 2903 perge
983 2823 1129 2887 tonantis

282 2929 448 3008 Spernere
472 2930 506 2992 et
529 2927 563 2990 in
587 2931 714 2992 rnuturn
739 2929 939 3010 degenerare
964 2931 1083 3009 pecus!

197 3039 215 3099 5
240 3036 338 3112 Sane,
363 3054 464 3116 quarn
487 3035 599 3098 brevis
623 3040 683 3107 est,
707 3055 807 3116 quarn
832 3035 933 3100 mixta
958 3037 1069 3100 dolore
1095 3037 1212 3100 libido!

284 3139 422 3224 Aufugit
443 3143 526 3206 haec
550 3142 681 3223 raptim,
706 3143 765 3205 sed
790 3143 883 3206 dolor
907 3162 1012 3224 usque
1037 3147 1158 3206 manet.

238 3248 276 3311 Ι11
300 3248 426 3313 coitum
449 3252 540 3312 motu
565 3251 703 3312 naturae
728 3248 827 3311 belua
851 3250 966 3320 fertur,

282 3355 375 3432 Quae
400 3355 584 3418 nechabet
609 3359 754 3420 ruentem
781 3376 842 3419 nec
869 3356 995 3419 ratione
1019 3358 1116 3433 riget.

237 3460 400 3524 Maximus
423 3460 478 3523 ille
503 3459 562 3523 tibi
586 3464 696 3524 terrae
720 3461 871 3542 coelique
895 3464 1022 3525 creator

176 3568 215 3630 10
283 3567 356 3631 Non
383 3566 529 3629 animum
554 3565 678 3631 frustra
701 3567 944 3650 consiliumque
970 3568 1073 3631 dedite

239 3672 403 3737 Convenit
427 3671 567 3752 irnperio
591 3673 720 3747 mentis,
746 3675 805 3737 sed
828 3675 978 3754 corporis
1003 3674 1049 3736 uti

282 3778 443 3856 Serviti03
468 3782 565 3860 turpe
589 3783 639 3842 est
662 3783 778 3843 ventre
803 3781 944 3861 gulaque
969 3782 1046 3861 regi.
1086 3831 1088 3834 .

239 3885 328 3962 Quid
352 3884 412 3948 tibi
437 3885 605 3949 blanditur
629 3888 770 3962 tanturn,
795 3887 874 3968 quid
900 3887 996 3950 dulce
1019 3887 1160 3954 ridetur,

283 3991 343 4054 Cui
366 3991 534 4056 modicum
558 3991 673 4061 mellis,
698 4013 818 4057 sacrus
842 4013 973 4056 amaror
997 3992 1107 4055 inest?

176 4101 213 4162 15
239 4098 405 4161 Continuo
430 4097 565 4179 lugiunt,
590 4117 676 4179 quae
700 4117 820 4162 sensus
843 4101 992 4181 ternpore
1015 4119 1118 4180 parvo

282 4204 424 4268 lllolliter
447 4204 608 4282 alliciunt,
632 4224 693 4268 nec
718 4224 890 4268 rernanere
914 4207 1050 4286 queunt.

239 4310 392 4376 Succedit
419 4313 530 4391 salies,
554 4312 740 4375 succedunt
764 4312 887 4388 taedia,
913 4331 1050 4383 moeror,
