2632 4718
616 584 838 651 ..50-

671 869 786 935 XXIII.

254 1025 374 1121 Quod
394 1026 596 1096 interdum
618 1025 751 1097 studio
774 1027 999 1098 intermisso
1022 1027 1204 1100 honestis

383 1133 537 1204 lusibus
562 1133 717 1204 animus
740 1134 981 1206 relaxandus
1006 1139 1075 1205 est.

222 1332 235 1394 1
284 1331 411 1405 Modus,
438 1334 474 1396 ut
497 1332 532 1396 in
548 1331 638 1397 omni
654 1330 719 1397 3113
737 1352 782 1409 re,
805 1333 853 1397 ita
869 1336 902 1398 et
918 1333 952 1397 in
969 1333 1131 1398 litterario
1148 1333 1259 1398 studio

286 1437 505 1504 adhibendus.
545 1438 720 1504 Ferientur
742 1439 910 1504 interdum
932 1440 1119 1506 scholastici
1142 1443 1260 1507 elnon

284 1545 469 1610 inhonestis
493 1546 622 1610 lusibus
646 1566 681 1610 se
704 1547 886 1625 oblectent,
922 1551 958 1612 ut
989 1548 1031 1613 ad
1055 1547 1168 1612 studia
1189 1548 1260 1613 ala-

285 1653 409 1717 criores
443 1653 591 1718 redeant.
638 1653 814 1736 Eleganter
844 1653 935 1719 cauit
965 1655 1000 1719 in
1031 1655 1075 1718 IV
1098 1655 1259 1720 silvarum

219 1759 239 1823 5
286 1759 501 1844 PapInius:¹)

289 1866 350 1946 „Et
373 1869 487 1932 sontes
511 1867 619 1949 operit
641 1867 815 1951 pharetras
839 1886 1019 1951 arcumque
1042 1867 1192 1934 retendit

290 1972 446 2053 Parthus,
470 1977 505 2038 et
528 1973 618 2039 Eleis
641 1975 756 2057 auriga
779 1975 950 2041 laboribus
973 1978 1065 2040 actus

286 2080 417 2162 Alpheo
442 2081 625 2163 permulcet
648 2099 762 2163 equos.
787 2086 820 2146 et
843 2084 958 2146 nostra
981 2080 1103 2146 fatiscit

288 2186 500 2270 Laxaturque
523 2188 643 2270 chelys.
674 2188 768 2252 Vires
791 2189 922 2271 instigat
948 2189 1075 2270 alitque

200 2296 240 2360 10
285 2295 498 2377 Tempestira
522 2296 626 2378 quies,
651 2296 756 2360 maior
780 2299 857 2378 post
880 2297 948 2361 otia
970 2296 1105 2361 virtus.“

285 2401 415 2466 Festive
440 2422 574 2485 quoque
598 2401 799 2482 Ausonius2)
824 2403 866 2467 ad
890 2422 986 2466 suum
1011 2405 1183 2484 nepotem:

288 2509 348 2588 „Et
372 2509 452 2573 satis
477 2511 529 2572 est
552 2529 656 2592 puero
680 2509 818 2573 memori
841 2509 961 2591 legisse
986 2509 1130 2573 libenter

284 2616 326 2680 Et
349 2635 479 2680 cessare
504 2615 590 2680 licet.
616 2615 715 2680 Graio
739 2616 852 2681 schola
876 2615 1009 2680 nomine
1034 2617 1123 2681 dicta
1146 2619 1207 2691 est,

284 2724 379 2787 Iusta
402 2722 589 2788 laboriferis
612 2723 802 2787 tribuantur
825 2727 864 2788 ut
887 2724 954 2787 otta
977 2725 1090 2788 musis

200 2830 238 2894 15
285 2830 359 2907 Quo
383 2829 485 2912 magis
510 2831 677 2894 alternum
701 2835 812 2894 certus
836 2831 1013 2895 succedere
1037 2831 1153 2895 ludum

285 2936 383 3001 Disce
407 2937 525 3014 libens
549 2938 683 3019 longum
708 2937 888 3002 delinitura
912 2938 1059 3002 laborem

288 3044 467 3109 Intervalla
490 3045 617 3109 damus.
643 3044 798 3109 Studium
823 3044 950 3127 puerile
973 3043 1105 3123 fatiscit,

286 3151 389 3215 Laeta
413 3150 477 3215 uisi
502 3151 644 3215 austeris
669 3151 848 3226 varientur,
872 3151 957 3215 festa
979 3153 1165 3234 profestis.“

283 3257 457 3337 Ovidius3)
480 3259 561 3323 item
584 3260 620 3323 iu
644 3259 658 3322 l
684 3260 723 3323 de
749 3260 869 3323 Ponto:

194 3367 238 3431 ab
286 3365 383 3445 „Otia
407 3384 527 3449 corpus
551 3366 652 3445 alunt,
677 3366 807 3430 animus
832 3385 964 3448 quoque
987 3366 1134 3448 pascitur
1156 3366 1231 3432 illis.

327 3474 526 3538 Immodicus
550 3475 667 3538 contra
690 3474 794 3556 carpit
818 3477 998 3556 utrumque
1021 3474 1144 3538 labor.“

283 3577 444 3665 Senecaf)
460 3599 538 3644 vero
554 3581 589 3643 iu
607 3579 746 3663 epistola
763 3581 804 3644 ad
818 3579 979 3644 Lucilium
993 3579 1049 3644 XV
1061 3580 1108 3643 sic
1124 3581 1253 3645 scribit:

285 3687 423 3768 „Neque
457 3706 516 3768 ego
547 3706 679 3769 semper
709 3690 742 3750 te
770 3686 867 3751 iubeo
891 3686 1064 3750 imminere
1088 3688 1174 3752 libro
1198 3691 1255 3752 aut

283 3794 511 3877 pugillaribus,
534 3794 687 3858 Dandum
701 3796 751 3857 est
763 3793 898 3875 aliquod
910 3794 1118 3858 intervallum
1134 3793 1254 3876 anime,

195 3902 237 3969 25
282 3901 330 3966 iia
352 3905 476 3981 tamen,
502 3905 539 3965 ut
563 3920 630 3966 non
652 3901 849 3982 resolvatur,
873 3901 932 3965 sed
956 3901 1173 3965 remittatur.“
