<?xml version="1.0" encoding="UTF-8"?>
<!DOCTYPE html PUBLIC "-//W3C//DTD XHTML 1.0 Transitional//EN"
    "http://www.w3.org/TR/xhtml1/DTD/xhtml1-transitional.dtd">
<html xmlns="http://www.w3.org/1999/xhtml" xml:lang="en" lang="en">
 <head>
  <title>
</title>
<meta http-equiv="Content-Type" content="text/html;charset=utf-8" />
  <meta name='ocr-system' content='tesseract 3.04.00' />
  <meta name='ocr-capabilities' content='ocr_page ocr_carea ocr_par ocr_line ocrx_word'/>
</head>
<body>
  <div class='ocr_page' id='page_1' title='image "./ausgewhltewerke00bmgoog_0181.png"; bbox 0 0 2632 4718; ppageno 0'>
   <div class='ocr_carea' id='block_1_1' title="bbox 612 704 832 771">
    <p class='ocr_par' dir='ltr' id='par_1_1' title="bbox 612 704 832 771">
     <span class='ocr_line' id='line_1_1' title="bbox 612 704 832 771; baseline -0.009 -17"><span class='ocrx_word' id='word_1_1' title='bbox 612 704 832 771; x_wconf 74' lang='lat'>..35-</span> 
     </span>
    </p>
   </div>
   <div class='ocr_carea' id='block_1_2' title="bbox 63 878 1254 4408">
    <p class='ocr_par' dir='ltr' id='par_1_2' title="bbox 63 878 1254 4408">
     <span class='ocr_line' id='line_1_2' title="bbox 298 878 975 959; baseline 0.001 -14"><span class='ocrx_word' id='word_1_2' title='bbox 298 878 392 959; x_wconf 87' lang='lat' dir='ltr'>Quae</span> <span class='ocrx_word' id='word_1_3' title='bbox 415 884 521 945; x_wconf 89' lang='lat' dir='ltr'>terras</span> <span class='ocrx_word' id='word_1_4' title='bbox 545 880 647 946; x_wconf 89' lang='lat' dir='ltr'>Asiae</span> <span class='ocrx_word' id='word_1_5' title='bbox 670 880 842 946; x_wconf 71' lang='lat' dir='ltr'>fertilitate</span> <span class='ocrx_word' id='word_1_6' title='bbox 865 884 975 947; x_wconf 89' lang='lat' dir='ltr'>beant.</span> 
     </span>
     <span class='ocr_line' id='line_1_3' title="bbox 255 987 1000 1070; baseline 0.005 -20"><span class='ocrx_word' id='word_1_7' title='bbox 255 987 374 1070; x_wconf 85' lang='lat' dir='ltr'>irrigui</span> <span class='ocrx_word' id='word_1_8' title='bbox 397 987 507 1068; x_wconf 89' lang='lat' dir='ltr'>plenis</span> <span class='ocrx_word' id='word_1_9' title='bbox 532 988 642 1051; x_wconf 78' lang='lat' dir='ltr'>rident</span> <span class='ocrx_word' id='word_1_10' title='bbox 665 989 890 1070; x_wconf 89' lang='lat' dir='ltr'>praedulciter</span> <span class='ocrx_word' id='word_1_11' title='bbox 913 991 1000 1055; x_wconf 88' lang='lat' dir='ltr'>horti</span> 
     </span>
     <span class='ocr_line' id='line_1_4' title="bbox 191 1093 1085 1175; baseline 0.007 -19"><span class='ocrx_word' id='word_1_12' title='bbox 191 1097 230 1157; x_wconf 88' lang='grc'>10</span> <span class='ocrx_word' id='word_1_13' title='bbox 299 1094 472 1167; x_wconf 72' lang='lat' dir='ltr'>Fontibus</span> <span class='ocrx_word' id='word_1_14' title='bbox 497 1096 530 1157; x_wconf 92' lang='lat' dir='ltr'>et</span> <span class='ocrx_word' id='word_1_15' title='bbox 554 1093 680 1175; x_wconf 91' lang='lat' dir='ltr'>liquido</span> <span class='ocrx_word' id='word_1_16' title='bbox 704 1096 840 1160; x_wconf 88' lang='lat' dir='ltr'>nectare</span> <span class='ocrx_word' id='word_1_17' title='bbox 864 1113 942 1159; x_wconf 87' lang='lat' dir='ltr'>rura</span> <span class='ocrx_word' id='word_1_18' title='bbox 965 1096 1085 1162; x_wconf 86' lang='lat' dir='ltr'>fluunt.</span> 
     </span>
     <span class='ocr_line' id='line_1_5' title="bbox 254 1199 1066 1284; baseline 0.004 -21"><span class='ocrx_word' id='word_1_19' title='bbox 254 1200 348 1265; x_wconf 84' lang='lat' dir='ltr'>Milia</span> <span class='ocrx_word' id='word_1_20' title='bbox 370 1199 549 1283; x_wconf 87' lang='lat' dir='ltr'>pomiferos</span> <span class='ocrx_word' id='word_1_21' title='bbox 574 1200 750 1265; x_wconf 78' lang='lat' dir='ltr'>incurvant</span> <span class='ocrx_word' id='word_1_22' title='bbox 774 1203 923 1284; x_wconf 86' lang='lat' dir='ltr'>pondera</span> <span class='ocrx_word' id='word_1_23' title='bbox 948 1222 1066 1277; x_wconf 77' lang='lat' dir='ltr'>ramea,</span> 
     </span>
     <span class='ocr_line' id='line_1_6' title="bbox 299 1305 1046 1388; baseline 0.004 -19"><span class='ocrx_word' id='word_1_24' title='bbox 299 1305 473 1370; x_wconf 88' lang='lat' dir='ltr'>Collueent</span> <span class='ocrx_word' id='word_1_25' title='bbox 497 1325 655 1388; x_wconf 86' lang='lat' dir='ltr'>gemmae,</span> <span class='ocrx_word' id='word_1_26' title='bbox 680 1308 784 1371; x_wconf 87' lang='lat' dir='ltr'>florea</span> <span class='ocrx_word' id='word_1_27' title='bbox 808 1308 903 1388; x_wconf 89' lang='lat' dir='ltr'>prata</span> <span class='ocrx_word' id='word_1_28' title='bbox 929 1309 1046 1372; x_wconf 85' lang='lat' dir='ltr'>nitent.</span> 
     </span>
     <span class='ocr_line' id='line_1_7' title="bbox 254 1411 1012 1490; baseline 0.001 -15"><span class='ocrx_word' id='word_1_29' title='bbox 254 1412 380 1476; x_wconf 83' lang='lat' dir='ltr'>Celsior</span> <span class='ocrx_word' id='word_1_30' title='bbox 403 1411 437 1476; x_wconf 94' lang='lat' dir='ltr'>in</span> <span class='ocrx_word' id='word_1_31' title='bbox 462 1412 571 1478; x_wconf 88' lang='lat' dir='ltr'>medio</span> <span class='ocrx_word' id='word_1_32' title='bbox 596 1413 706 1476; x_wconf 88' lang='lat' dir='ltr'>vitalis</span> <span class='ocrx_word' id='word_1_33' title='bbox 730 1414 880 1478; x_wconf 86' lang='lat' dir='ltr'>cernitur</span> <span class='ocrx_word' id='word_1_34' title='bbox 904 1415 1012 1490; x_wconf 87' lang='lat' dir='ltr'>arbor,</span> 
     </span>
     <span class='ocr_line' id='line_1_8' title="bbox 298 1519 1019 1601; baseline 0.003 -19"><span class='ocrx_word' id='word_1_35' title='bbox 298 1520 431 1600; x_wconf 82' lang='lat' dir='ltr'>Integra</span> <span class='ocrx_word' id='word_1_36' title='bbox 454 1519 600 1601; x_wconf 87' lang='lat' dir='ltr'>depastis</span> <span class='ocrx_word' id='word_1_37' title='bbox 625 1519 713 1584; x_wconf 89' lang='lat' dir='ltr'>unde</span> <span class='ocrx_word' id='word_1_38' title='bbox 737 1520 873 1585; x_wconf 90' lang='lat' dir='ltr'>iuventa</span> <span class='ocrx_word' id='word_1_39' title='bbox 897 1525 1019 1584; x_wconf 89' lang='lat' dir='ltr'>manet.</span> 
     </span>
     <span class='ocr_line' id='line_1_9' title="bbox 190 1610 1064 1692; baseline 0 -3"><span class='ocrx_word' id='word_1_40' title='bbox 190 1627 229 1690; x_wconf 82' lang='lat'>15</span> <span class='ocrx_word' id='word_1_41' title='bbox 255 1625 450 1690; x_wconf 85' lang='lat' dir='ltr'>Ambrosiae</span> <span class='ocrx_word' id='word_1_42' title='bbox 472 1625 582 1689; x_wconf 83' lang='lat' dir='ltr'>fundit</span> <span class='ocrx_word' id='word_1_43' title='bbox 607 1643 724 1691; x_wconf 90' lang='lat' dir='ltr'>succos</span> <span class='ocrx_word' id='word_1_44' title='bbox 739 1610 931 1691; x_wconf 51' lang='lat' dir='ltr'>&gt;laetissima</span> <span class='ocrx_word' id='word_1_45' title='bbox 954 1629 1064 1692; x_wconf 88' lang='lat' dir='ltr'>tellus.</span> 
     </span>
     <span class='ocr_line' id='line_1_10' title="bbox 298 1731 987 1813; baseline 0.004 -18"><span class='ocrx_word' id='word_1_46' title='bbox 298 1731 448 1796; x_wconf 86' lang='lat' dir='ltr'>Candida</span> <span class='ocrx_word' id='word_1_47' title='bbox 471 1731 651 1813; x_wconf 84' lang='lat' dir='ltr'>purpureis</span> <span class='ocrx_word' id='word_1_48' title='bbox 675 1731 743 1797; x_wconf 88' lang='lat' dir='ltr'>lilia</span> <span class='ocrx_word' id='word_1_49' title='bbox 767 1731 869 1798; x_wconf 87' lang='lat' dir='ltr'>mixta</span> <span class='ocrx_word' id='word_1_50' title='bbox 893 1733 987 1798; x_wconf 77' lang='lat' dir='ltr'>rosis,</span> 
     </span>
     <span class='ocr_line' id='line_1_11' title="bbox 252 1837 1254 1921; baseline 0.004 -20"><span class='ocrx_word' id='word_1_51' title='bbox 252 1839 415 1914; x_wconf 83' lang='lat' dir='ltr'><strong>Balsama,</strong></span> <span class='ocrx_word' id='word_1_52' title='bbox 433 1837 631 1912; x_wconf 71' lang='lat' dir='ltr'>dictamuua</span> <span class='ocrx_word' id='word_1_53' title='bbox 651 1857 863 1921; x_wconf 86' lang='lat' dir='ltr'>panacesque</span> <span class='ocrx_word' id='word_1_54' title='bbox 886 1843 919 1903; x_wconf 88' lang='lat' dir='ltr'>et</span> <span class='ocrx_word' id='word_1_55' title='bbox 940 1859 1112 1905; x_wconf 80' lang='lat' dir='ltr'>amaracus</span> <span class='ocrx_word' id='word_1_56' title='bbox 1130 1843 1254 1906; x_wconf 85' lang='lat' dir='ltr'>adsunt</span> 
     </span>
     <span class='ocr_line' id='line_1_12' title="bbox 299 1943 1004 2026; baseline 0.001 -20"><span class='ocrx_word' id='word_1_57' title='bbox 299 1944 341 2008; x_wconf 87' lang='lat' dir='ltr'>Et</span> <span class='ocrx_word' id='word_1_58' title='bbox 365 1943 476 2009; x_wconf 88' lang='lat' dir='ltr'>varios</span> <span class='ocrx_word' id='word_1_59' title='bbox 499 1945 633 2010; x_wconf 87' lang='lat' dir='ltr'>morbos</span> <span class='ocrx_word' id='word_1_60' title='bbox 657 1945 739 2008; x_wconf 89' lang='lat' dir='ltr'>utile</span> <span class='ocrx_word' id='word_1_61' title='bbox 763 1945 852 2022; x_wconf 88' lang='lat' dir='ltr'>moly</span> <span class='ocrx_word' id='word_1_62' title='bbox 876 1946 1004 2026; x_wconf 80' lang='lat' dir='ltr'>fugans.</span> 
     </span>
     <span class='ocr_line' id='line_1_13' title="bbox 256 2049 1017 2133; baseline 0.001 -19"><span class='ocrx_word' id='word_1_63' title='bbox 256 2052 455 2115; x_wconf 79' lang='lat' dir='ltr'>praesentes</span> <span class='ocrx_word' id='word_1_64' title='bbox 479 2049 546 2114; x_wconf 91' lang='lat' dir='ltr'>illie</span> <span class='ocrx_word' id='word_1_65' title='bbox 569 2050 677 2131; x_wconf 85' lang='lat' dir='ltr'>pascit</span> <span class='ocrx_word' id='word_1_66' title='bbox 701 2050 832 2114; x_wconf 88' lang='lat' dir='ltr'>sincera</span> <span class='ocrx_word' id='word_1_67' title='bbox 854 2052 1017 2133; x_wconf 69' lang='lat' dir='ltr'>voluptas</span> 
     </span>
     <span class='ocr_line' id='line_1_14' title="bbox 189 2157 1080 2238; baseline 0 -19"><span class='ocrx_word' id='word_1_68' title='bbox 189 2159 231 2220; x_wconf 79' lang='lat'>20</span> <span class='ocrx_word' id='word_1_69' title='bbox 299 2157 435 2222; x_wconf 85' lang='lat' dir='ltr'>Melleus</span> <span class='ocrx_word' id='word_1_70' title='bbox 459 2157 536 2220; x_wconf 90' lang='lat' dir='ltr'>hine</span> <span class='ocrx_word' id='word_1_71' title='bbox 561 2157 685 2231; x_wconf 87' lang='lat' dir='ltr'>dulcor,</span> <span class='ocrx_word' id='word_1_72' title='bbox 712 2157 836 2221; x_wconf 87' lang='lat' dir='ltr'>lacteus</span> <span class='ocrx_word' id='word_1_73' title='bbox 861 2158 938 2221; x_wconf 88' lang='lat' dir='ltr'>inde</span> <span class='ocrx_word' id='word_1_74' title='bbox 963 2157 1080 2238; x_wconf 86' lang='lat' dir='ltr'>liquor.</span> 
     </span>
     <span class='ocr_line' id='line_1_15' title="bbox 254 2264 1129 2340; baseline 0 -13"><span class='ocrx_word' id='word_1_75' title='bbox 254 2264 420 2328; x_wconf 87' lang='lat' dir='ltr'>Suavibus</span> <span class='ocrx_word' id='word_1_76' title='bbox 444 2264 619 2328; x_wconf 80' lang='lat' dir='ltr'>aethereae</span> <span class='ocrx_word' id='word_1_77' title='bbox 645 2264 835 2327; x_wconf 84' lang='lat' dir='ltr'>mulcentur</span> <span class='ocrx_word' id='word_1_78' title='bbox 859 2264 993 2326; x_wconf 85' lang='lat' dir='ltr'>vocibus</span> <span class='ocrx_word' id='word_1_79' title='bbox 1018 2284 1129 2340; x_wconf 85' lang='lat' dir='ltr'>aurae,</span> 
     </span>
     <span class='ocr_line' id='line_1_16' title="bbox 300 2370 1087 2435; baseline 0.001 -1"><span class='ocrx_word' id='word_1_80' title='bbox 300 2371 428 2435; x_wconf 86' lang='lat' dir='ltr'>Pallida</span> <span class='ocrx_word' id='word_1_81' title='bbox 452 2389 538 2433; x_wconf 90' lang='lat' dir='ltr'>mors</span> <span class='ocrx_word' id='word_1_82' title='bbox 563 2370 655 2434; x_wconf 87' lang='lat' dir='ltr'>illiue</span> <span class='ocrx_word' id='word_1_83' title='bbox 678 2374 711 2433; x_wconf 87' lang='lat' dir='ltr'>et</span> <span class='ocrx_word' id='word_1_84' title='bbox 736 2370 829 2433; x_wconf 91' lang='lat' dir='ltr'>dolor</span> <span class='ocrx_word' id='word_1_85' title='bbox 851 2370 959 2434; x_wconf 88' lang='lat' dir='ltr'>omnis</span> <span class='ocrx_word' id='word_1_86' title='bbox 984 2371 1087 2435; x_wconf 87' lang='lat' dir='ltr'>abest.</span> 
     </span>
     <span class='ocr_line' id='line_1_17' title="bbox 255 2477 1029 2559; baseline -0.003 -19"><span class='ocrx_word' id='word_1_87' title='bbox 255 2477 376 2541; x_wconf 89' lang='lat' dir='ltr'>Omnia</span> <span class='ocrx_word' id='word_1_88' title='bbox 400 2477 535 2551; x_wconf 67' lang='lat' dir='ltr'>deliciis</span> <span class='ocrx_word' id='word_1_89' title='bbox 560 2479 661 2540; x_wconf 88' lang='lat' dir='ltr'>cantu</span> <span class='ocrx_word' id='word_1_90' title='bbox 686 2480 765 2540; x_wconf 88' lang='lat' dir='ltr'>suut</span> <span class='ocrx_word' id='word_1_91' title='bbox 788 2477 899 2540; x_wconf 89' lang='lat' dir='ltr'>omnia</span> <span class='ocrx_word' id='word_1_92' title='bbox 921 2478 1029 2559; x_wconf 76' lang='lat' dir='ltr'>plena,</span> 
     </span>
     <span class='ocr_line' id='line_1_18' title="bbox 298 2582 1049 2665; baseline -0.003 -18"><span class='ocrx_word' id='word_1_93' title='bbox 298 2584 395 2660; x_wconf 87' lang='lat' dir='ltr'>Quod</span> <span class='ocrx_word' id='word_1_94' title='bbox 419 2583 527 2665; x_wconf 88' lang='lat' dir='ltr'>capiat</span> <span class='ocrx_word' id='word_1_95' title='bbox 550 2603 679 2654; x_wconf 86' lang='lat' dir='ltr'>sensus,</span> <span class='ocrx_word' id='word_1_96' title='bbox 704 2582 785 2646; x_wconf 87' lang='lat' dir='ltr'>delit</span> <span class='ocrx_word' id='word_1_97' title='bbox 810 2583 933 2664; x_wconf 87' lang='lat' dir='ltr'>ubique</span> <span class='ocrx_word' id='word_1_98' title='bbox 959 2584 1049 2646; x_wconf 90' lang='lat' dir='ltr'>nihil.</span> 
     </span>
     <span class='ocr_line' id='line_1_19' title="bbox 188 2689 1064 2754; baseline -0.001 -1"><span class='ocrx_word' id='word_1_99' title='bbox 188 2693 229 2753; x_wconf 74' lang='lat'>‘25</span> <span class='ocrx_word' id='word_1_100' title='bbox 254 2689 291 2754; x_wconf 87' lang='lat' dir='ltr'>Si</span> <span class='ocrx_word' id='word_1_101' title='bbox 316 2689 396 2753; x_wconf 86' lang='lat' dir='ltr'>milri</span> <span class='ocrx_word' id='word_1_102' title='bbox 421 2689 553 2753; x_wconf 86' lang='lat' dir='ltr'>divinus</span> <span class='ocrx_word' id='word_1_103' title='bbox 577 2694 709 2753; x_wconf 88' lang='lat' dir='ltr'>eentum</span> <span class='ocrx_word' id='word_1_104' title='bbox 736 2689 829 2753; x_wconf 81' lang='lat' dir='ltr'>furor</span> <span class='ocrx_word' id='word_1_105' title='bbox 852 2691 983 2752; x_wconf 87' lang='lat' dir='ltr'>imbuat</span> <span class='ocrx_word' id='word_1_106' title='bbox 1007 2710 1064 2752; x_wconf 85' lang='lat' dir='ltr'>ora</span> 
     </span>
     <span class='ocr_line' id='line_1_20' title="bbox 300 2796 1082 2878; baseline -0.001 -19"><span class='ocrx_word' id='word_1_107' title='bbox 300 2796 413 2878; x_wconf 86' lang='lat' dir='ltr'>Atque</span> <span class='ocrx_word' id='word_1_108' title='bbox 437 2798 545 2858; x_wconf 89' lang='lat' dir='ltr'>llueus</span> <span class='ocrx_word' id='word_1_109' title='bbox 569 2796 714 2859; x_wconf 88' lang='lat' dir='ltr'>calamos</span> <span class='ocrx_word' id='word_1_110' title='bbox 739 2796 827 2859; x_wconf 88' lang='lat' dir='ltr'>mille</span> <span class='ocrx_word' id='word_1_111' title='bbox 852 2797 965 2876; x_wconf 81' lang='lat' dir='ltr'>fatiget</span> <span class='ocrx_word' id='word_1_112' title='bbox 989 2816 1082 2876; x_wconf 69' lang='lat' dir='ltr'>opus</span> 
     </span>
     <span class='ocr_line' id='line_1_21' title="bbox 255 2902 1141 2978; baseline -0.003 -12"><span class='ocrx_word' id='word_1_113' title='bbox 255 2903 330 2966; x_wconf 90' lang='lat' dir='ltr'>Non</span> <span class='ocrx_word' id='word_1_114' title='bbox 353 2921 536 2966; x_wconf 87' lang='lat' dir='ltr'>memorem</span> <span class='ocrx_word' id='word_1_115' title='bbox 560 2922 654 2966; x_wconf 80' lang='lat' dir='ltr'>veras</span> <span class='ocrx_word' id='word_1_116' title='bbox 679 2902 820 2965; x_wconf 88' lang='lat' dir='ltr'>undanti</span> <span class='ocrx_word' id='word_1_117' title='bbox 845 2902 991 2964; x_wconf 87' lang='lat' dir='ltr'>carmine</span> <span class='ocrx_word' id='word_1_118' title='bbox 1016 2902 1141 2978; x_wconf 88' lang='lat' dir='ltr'>laudes,</span> 
     </span>
     <span class='ocr_line' id='line_1_22' title="bbox 298 3007 982 3090; baseline -0.001 -19"><span class='ocrx_word' id='word_1_119' title='bbox 298 3008 374 3071; x_wconf 90' lang='lat' dir='ltr'>Non</span> <span class='ocrx_word' id='word_1_120' title='bbox 397 3007 597 3090; x_wconf 87' lang='lat' dir='ltr'>paradisiaci</span> <span class='ocrx_word' id='word_1_121' title='bbox 620 3008 740 3089; x_wconf 86' lang='lat' dir='ltr'>gaudia</span> <span class='ocrx_word' id='word_1_122' title='bbox 764 3011 885 3072; x_wconf 88' lang='lat' dir='ltr'>cuncta</span> <span class='ocrx_word' id='word_1_123' title='bbox 911 3008 982 3070; x_wconf 90' lang='lat' dir='ltr'>soli.</span> 
     </span>
     <span class='ocr_line' id='line_1_23' title="bbox 255 3094 1134 3195; baseline -0.001 -18"><span class='ocrx_word' id='word_1_124' title='bbox 255 3115 325 3178; x_wconf 91' lang='lat' dir='ltr'>Hoc</span> <span class='ocrx_word' id='word_1_125' title='bbox 348 3094 577 3178; x_wconf 83' lang='lat' dir='ltr'>habitaremus</span> <span class='ocrx_word' id='word_1_126' title='bbox 601 3113 790 3195; x_wconf 85' lang='lat' dir='ltr'>tranquillis</span> <span class='ocrx_word' id='word_1_127' title='bbox 815 3115 984 3178; x_wconf 84' lang='lat' dir='ltr'>mentibus</span> <span class='ocrx_word' id='word_1_128' title='bbox 1008 3135 1134 3190; x_wconf 84' lang='lat' dir='ltr'>ornnes,</span> 
     </span>
     <span class='ocr_line' id='line_1_24' title="bbox 188 3220 974 3302; baseline -0.001 -18"><span class='ocrx_word' id='word_1_129' title='bbox 188 3225 230 3285; x_wconf 79' lang='grc'>30</span> <span class='ocrx_word' id='word_1_130' title='bbox 297 3222 340 3285; x_wconf 82' lang='lat' dir='ltr'>Et</span> <span class='ocrx_word' id='word_1_131' title='bbox 364 3222 480 3302; x_wconf 91' lang='lat' dir='ltr'>proeul</span> <span class='ocrx_word' id='word_1_132' title='bbox 505 3242 522 3285; x_wconf 88' lang='lat' dir='ltr'>a</span> <span class='ocrx_word' id='word_1_133' title='bbox 547 3220 637 3284; x_wconf 89' lang='lat' dir='ltr'>curis</span> <span class='ocrx_word' id='word_1_134' title='bbox 661 3221 765 3285; x_wconf 88' lang='lat' dir='ltr'>libera</span> <span class='ocrx_word' id='word_1_135' title='bbox 789 3220 974 3293; x_wconf 61' lang='lat' dir='ltr'>rita&#39;ioret,</span> 
     </span>
     <span class='ocr_line' id='line_1_25' title="bbox 254 3327 1097 3408; baseline -0.001 -18"><span class='ocrx_word' id='word_1_136' title='bbox 254 3329 295 3390; x_wconf 90' lang='lat' dir='ltr'>Ni</span> <span class='ocrx_word' id='word_1_137' title='bbox 321 3328 427 3391; x_wconf 87' lang='lat' dir='ltr'>malus</span> <span class='ocrx_word' id='word_1_138' title='bbox 452 3328 606 3390; x_wconf 85' lang='lat' dir='ltr'>incautos</span> <span class='ocrx_word' id='word_1_139' title='bbox 630 3327 775 3408; x_wconf 87' lang='lat' dir='ltr'>cepisset</span> <span class='ocrx_word' id='word_1_140' title='bbox 799 3327 915 3390; x_wconf 86' lang='lat' dir='ltr'>fraude</span> <span class='ocrx_word' id='word_1_141' title='bbox 940 3329 1097 3407; x_wconf 85' lang='lat' dir='ltr'>parentes</span> 
     </span>
     <span class='ocr_line' id='line_1_26' title="bbox 299 3433 1010 3515; baseline -0.001 -19"><span class='ocrx_word' id='word_1_142' title='bbox 299 3434 484 3497; x_wconf 86' lang='lat' dir='ltr'>Delibanda</span> <span class='ocrx_word' id='word_1_143' title='bbox 509 3434 631 3498; x_wconf 85' lang='lat' dir='ltr'>docens</span> <span class='ocrx_word' id='word_1_144' title='bbox 656 3433 755 3497; x_wconf 88' lang='lat' dir='ltr'>noxia</span> <span class='ocrx_word' id='word_1_145' title='bbox 778 3452 877 3515; x_wconf 88' lang='lat' dir='ltr'>poma</span> <span class='ocrx_word' id='word_1_146' title='bbox 902 3434 1010 3496; x_wconf 91' lang='lat' dir='ltr'>draco.</span> 
     </span>
     <span class='ocr_line' id='line_1_27' title="bbox 255 3539 967 3620; baseline 0 -18"><span class='ocrx_word' id='word_1_147' title='bbox 255 3539 389 3603; x_wconf 84' lang='lat' dir='ltr'>Scilicet</span> <span class='ocrx_word' id='word_1_148' title='bbox 414 3539 532 3602; x_wconf 86' lang='lat' dir='ltr'>inridit</span> <span class='ocrx_word' id='word_1_149' title='bbox 555 3540 653 3603; x_wconf 90' lang='lat' dir='ltr'>nobis</span> <span class='ocrx_word' id='word_1_150' title='bbox 677 3540 833 3603; x_wconf 87' lang='lat' dir='ltr'>coelestia</span> <span class='ocrx_word' id='word_1_151' title='bbox 857 3558 967 3620; x_wconf 84' lang='lat' dir='ltr'>regua,</span> 
     </span>
     <span class='ocr_line' id='line_1_28' title="bbox 299 3644 1080 3710; baseline -0.003 -2"><span class='ocrx_word' id='word_1_152' title='bbox 299 3646 394 3709; x_wconf 88' lang='lat' dir='ltr'>Unde</span> <span class='ocrx_word' id='word_1_153' title='bbox 419 3650 551 3709; x_wconf 85' lang='lat' dir='ltr'>tumens</span> <span class='ocrx_word' id='word_1_154' title='bbox 576 3645 662 3709; x_wconf 82' lang='lat' dir='ltr'>tastu</span> <span class='ocrx_word' id='word_1_155' title='bbox 687 3647 827 3710; x_wconf 90' lang='lat' dir='ltr'>daemon</span> <span class='ocrx_word' id='word_1_156' title='bbox 851 3646 893 3708; x_wconf 88' lang='lat' dir='ltr'>ad</span> <span class='ocrx_word' id='word_1_157' title='bbox 917 3646 984 3708; x_wconf 91' lang='lat' dir='ltr'>ima</span> <span class='ocrx_word' id='word_1_158' title='bbox 1007 3644 1080 3707; x_wconf 90' lang='lat' dir='ltr'>ruit.</span> 
     </span>
     <span class='ocr_line' id='line_1_29' title="bbox 188 3751 1104 3835; baseline -0.005 -18"><span class='ocrx_word' id='word_1_159' title='bbox 188 3756 228 3817; x_wconf 73' lang='lat'>35</span> <span class='ocrx_word' id='word_1_160' title='bbox 255 3752 325 3815; x_wconf 89' lang='lat' dir='ltr'>Nec</span> <span class='ocrx_word' id='word_1_161' title='bbox 348 3755 526 3816; x_wconf 86' lang='lat' dir='ltr'>contentus</span> <span class='ocrx_word' id='word_1_162' title='bbox 550 3753 660 3816; x_wconf 87' lang='lat' dir='ltr'>adbuc</span> <span class='ocrx_word' id='word_1_163' title='bbox 683 3753 798 3835; x_wconf 89' lang='lat' dir='ltr'>pulsos</span> <span class='ocrx_word' id='word_1_164' title='bbox 823 3751 974 3816; x_wconf 86' lang='lat' dir='ltr'>felicibus</span> <span class='ocrx_word' id='word_1_165' title='bbox 999 3751 1104 3813; x_wconf 87' lang='lat' dir='ltr'>bortis</span> 
     </span>
     <span class='ocr_line' id='line_1_30' title="bbox 298 3858 977 3942; baseline -0.001 -20"><span class='ocrx_word' id='word_1_166' title='bbox 298 3858 467 3942; x_wconf 90' lang='lat' dir='ltr'>Implicuit</span> <span class='ocrx_word' id='word_1_167' title='bbox 491 3858 605 3923; x_wconf 89' lang='lat' dir='ltr'>multis</span> <span class='ocrx_word' id='word_1_168' title='bbox 629 3858 768 3923; x_wconf 87' lang='lat' dir='ltr'>callidus</span> <span class='ocrx_word' id='word_1_169' title='bbox 792 3859 848 3922; x_wconf 89' lang='lat' dir='ltr'>ille</span> <span class='ocrx_word' id='word_1_170' title='bbox 864 3859 977 3923; x_wconf 89' lang='lat' dir='ltr'>malis.</span> 
     </span>
     <span class='ocr_line' id='line_1_31' title="bbox 252 3963 1055 4047; baseline -0.002 -19"><span class='ocrx_word' id='word_1_171' title='bbox 252 3965 449 4030; x_wconf 88' lang='lat' dir='ltr'>Innumeras</span> <span class='ocrx_word' id='word_1_172' title='bbox 474 3968 564 4030; x_wconf 88' lang='lat' dir='ltr'>artes</span> <span class='ocrx_word' id='word_1_173' title='bbox 588 3965 697 4030; x_wconf 88' lang='lat' dir='ltr'>fallaci</span> <span class='ocrx_word' id='word_1_174' title='bbox 721 3970 856 4047; x_wconf 85' lang='lat' dir='ltr'>pectore</span> <span class='ocrx_word' id='word_1_175' title='bbox 880 3963 1055 4047; x_wconf 85' lang='lat' dir='ltr'>prompsit,</span> 
     </span>
     <span class='ocr_line' id='line_1_32' title="bbox 298 4071 1029 4154; baseline 0 -20"><span class='ocrx_word' id='word_1_176' title='bbox 298 4072 423 4136; x_wconf 90' lang='lat' dir='ltr'>Lucida</span> <span class='ocrx_word' id='word_1_177' title='bbox 447 4092 488 4136; x_wconf 88' lang='lat' dir='ltr'>ue</span> <span class='ocrx_word' id='word_1_178' title='bbox 512 4071 595 4135; x_wconf 86' lang='lat' dir='ltr'>coeli</span> <span class='ocrx_word' id='word_1_179' title='bbox 620 4073 745 4154; x_wconf 91' lang='lat' dir='ltr'>templa</span> <span class='ocrx_word' id='word_1_180' title='bbox 768 4071 897 4135; x_wconf 87' lang='lat' dir='ltr'>subiret</span> <span class='ocrx_word' id='word_1_181' title='bbox 921 4072 1029 4136; x_wconf 92' lang='lat' dir='ltr'>homo.</span> 
     </span>
     <span class='ocr_line' id='line_1_33' title="bbox 255 4178 1015 4257; baseline 0 -16"><span class='ocrx_word' id='word_1_182' title='bbox 255 4179 415 4244; x_wconf 82' lang='lat' dir='ltr'>Contudit</span> <span class='ocrx_word' id='word_1_183' title='bbox 439 4181 546 4243; x_wconf 90' lang='lat' dir='ltr'>totum</span> <span class='ocrx_word' id='word_1_184' title='bbox 570 4178 671 4242; x_wconf 82' lang='lat' dir='ltr'>variis</span> <span class='ocrx_word' id='word_1_185' title='bbox 695 4180 864 4243; x_wconf 86' lang='lat' dir='ltr'>erroribus</span> <span class='ocrx_word' id='word_1_186' title='bbox 889 4179 1015 4257; x_wconf 80' lang='lat' dir='ltr'>orbem,</span> 
     </span>
     <span class='ocr_line' id='line_1_34' title="bbox 63 4285 828 4408; baseline -0.004 -57"><span class='ocrx_word' id='word_1_187' title='bbox 63 4289 229 4408; x_wconf 45' lang='lat'>“40</span> <span class='ocrx_word' id='word_1_188' title='bbox 298 4287 437 4351; x_wconf 89' lang='lat' dir='ltr'>Sublata</span> <span class='ocrx_word' id='word_1_189' title='bbox 463 4285 531 4350; x_wconf 85' lang='lat' dir='ltr'>veri</span> <span class='ocrx_word' id='word_1_190' title='bbox 556 4285 743 4366; x_wconf 84' lang='lat' dir='ltr'>cognitione</span> <span class='ocrx_word' id='word_1_191' title='bbox 767 4286 828 4362; x_wconf 92' lang='lat' dir='ltr'>dei,</span> 
     </span>
    </p>
   </div>
   <div class='ocr_carea' id='block_1_3' title="bbox 0 0 1320 4718">
    <p class='ocr_par' dir='ltr' id='par_1_3' title="bbox 0 0 1320 4718">
     <span class='ocr_line' id='line_1_35' title="bbox 0 0 1320 4718; baseline 0 0"><span class='ocrx_word' id='word_1_192' title='bbox 0 0 1320 4718; x_wconf 95' lang='lat' dir='ltr'> </span> 
     </span>
    </p>
   </div>
  </div>
 </body>
</html>
