2750 4360
261 712 459 798 loannis
477 711 731 794 Murmellii
749 707 1003 814 Scoparius
1026 715 1081 794 in
1104 713 1304 797 barbana

262 843 636 941 propugnatores
668 843 715 918 et
742 857 901 918 osores
930 837 1255 921 humanitatis
1275 851 1305 911 u

262 963 464 1044 diversis
499 963 758 1043 illustrium
793 963 1011 1042 virorum
1052 965 1253 1066 seriptis
1275 953 1305 1036 et

308 1087 518 1168 iuvanda
545 1087 779 1188 politioris
804 1086 1110 1168 litteraturae
1143 1088 1284 1170 studia

638 1213 948 1312 comparatus.

401 1453 465 1524 Ad
488 1453 705 1524 candidum
728 1453 918 1524 lectorem
941 1453 1211 1544 epigramma

376 1599 426 1662 En
451 1598 558 1662 varias
583 1617 700 1681 scopas
725 1617 836 1664 seeum
861 1597 1034 1681 scoparius
1059 1601 1179 1682 affert,

423 1705 545 1786 Egesta
569 1705 673 1769 niteat
698 1725 765 1787 quo
789 1705 889 1769 scobe
912 1707 984 1770 tota
1008 1707 1153 1788 domus3

379 1812 514 1876 Illuvies
538 1813 646 1890 abeat,
671 1812 778 1895 turpis
803 1813 845 1875 sil
868 1830 993 1876 aranea
1016 1831 1206 1896 nusquam,

423 1919 638 2001 Depulsoque
662 1919 729 1982 situ
753 1919 929 2000 splendeat
952 1937 1051 1984 omne
1076 1921 1205 1988 solum.

315 2029 333 2090 5
382 2024 443 2089 Cui
468 2045 561 2089 sacra
586 2025 766 2104 Musarum,
791 2024 844 2088 cui
868 2027 945 2088 sunt
969 2026 1026 2107 pia
1050 2029 1209 2094 carmina
1233 2014 1304 2087 etut-

422 2133 571 2196 terrenti
597 2133 701 2211 ludos,
727 2131 830 2196 lector
853 2130 968 2212 amice,
994 2133 1084 2197 tave!

689 2329 900 2336 -n—-—-.

781 2486 805 2550 Ι.

292 2611 450 2702 Sulpitii
472 2609 661 2682 verulani
683 2609 725 2678 in
748 2607 986 2698 opusculum
1009 2607 1060 2678 da
1083 2609 1288 2697 generibus

568 2715 776 2787 nominum
797 2715 1002 2804 praefatio.
1011 2717 1037 2802 1)

458 2863 623 2946 Cogitanti
654 2861 735 2925 mihi
765 2863 798 2924 et
827 2858 971 2924 tentanti
1004 2878 1107 2941 saepe
1136 2865 1173 2926 et
1199 2859 1310 2928 curios.

368 2992 435 3054 qua
461 2972 515 3036 ria
550 2970 688 3052 possent
723 2971 756 3032 et
787 2966 916 3032 facilius
951 2969 986 3030 et
1018 2966 1139 3031 melius
1176 2965 1306 3053 proticeo

368 3077 462 3159 pueri
487 3078 522 3141 in
542 3080 614 3141 arte
639 3075 863 3156 grammatica,
884 3075 1091 3153 compertum
1115 3077 1187 3154 est,
1214 3063 1309 3141 doctri·

368 3203 430 3249 nae
454 3183 543 3248 clara
567 3184 600 3247 et
624 3180 738 3246 brevia
760 3183 939 3264 praecepta
961 3180 1098 3244 uberius
1126 3181 1210 3264 illis,
1235 3187 1310 3264 quau

307 3293 324 3354 5
368 3291 510 3354 obscura
534 3287 696 3352 consone.
738 3289 855 3370 Itaque
872 3305 946 3350 cum
971 3286 1012 3350 de
1037 3287 1221 3355 nominum
1237 3277 1309 3353 decli·

368 3397 504 3462 natione
532 3399 565 3460 et
593 3396 634 3460 de
666 3396 844 3460 verborum
881 3395 1136 3475 ceterarumque
1173 3384 1311 3463 orationis

368 3505 512 3586 partium
544 3502 792 3566 constructione
829 3501 911 3566 duos
942 3500 1044 3564 libros
1077 3503 1309 3584 compendioso-

368 3631 475 3693 nuper
499 3607 669 3681 ediderim,
699 3609 836 3672 incessit
859 3605 940 3670 mihi
965 3607 1006 3670 de
1034 3607 1214 3674 nominum
1238 3622 1309 3693 gene·

369 3718 462 3782 ribus
486 3721 518 3781 et
541 3717 581 3780 de
605 3715 782 3779 verborum
813 3712 1005 3796 praeteritis
1029 3717 1062 3776 et
1090 3715 1226 3795 supinis
1253 3717 1308 3781 due

287 3825 326 3886 10
367 3822 430 3882 bus
454 3819 528 3881 aliis
552 3817 744 3894 exiguisque
773 3815 996 3879 voluminibus
1021 3817 1193 3884 scribendi
1218 3819 1307 3889 libid·

368 3921 485 3984 Omnis
507 3919 596 3979 enim
625 3933 806 3991 puerorum
836 3917 1015 3981 difficultas
1041 3921 1075 3983 in
1100 3923 1309 3994 declinatione
