2632 4718
614 682 833 747 ..70-

261 862 377 944 Perge,
401 879 514 937 senex,
539 859 678 924 nimium
703 859 790 924 felici
814 860 902 923 sorte
925 860 1054 938 beatus

305 965 444 1041 Invidia,
468 965 557 1030 curis
581 964 747 1048 exitioque
771 966 902 1029 carens!

262 1073 380 1137 Clarus
404 1070 578 1154 apostolici
600 1071 759 1155 princeps
768 1071 792 1151 ¹)
817 1074 991 1153 rectorque
1015 1075 1153 1135 senatus

305 1178 443 1261 Argenti
467 1197 541 1242 sese
566 1177 649 1242 dixit
672 1178 797 1243 habere
821 1176 914 1252 nihil,

194 1288 236 1350 25
261 1285 426 1350 Nimirum
449 1284 598 1365 gaudens
621 1285 738 1366 procul
761 1282 905 1350 exitialia
928 1283 1015 1347 Ditis

305 1392 444 1455 Munera
466 1389 628 1454 sollicitos
650 1389 856 1473 implicuisse
879 1390 978 1454 viros.

261 1497 412 1561 Inclutus
436 1495 493 1560 ille
518 1492 673 1578 urates2)
695 1514 813 1559 aurum
836 1494 977 1579 proiecit
1000 1496 1035 1560 in
1059 1513 1194 1576 aequor,

304 1601 454 1667 Virtutes
477 1601 599 1684 opibus
621 1620 721 1683 posse
745 1602 834 1666 coire
858 1620 992 1683 negans.

261 1708 443 1786 Fabricius,
467 1726 568 1789 quem
591 1725 659 1771 non
682 1725 809 1778 aurum,
833 1726 900 1771 non
923 1707 1025 1772 belua
1047 1706 1157 1782 movit,

196 1816 238 1881 30
308 1814 408 1879 Dives
431 1813 616 1879 abundanti
639 1815 774 1895 pectore
797 1832 926 1896 pauper
950 1817 1032 1878 erat.

263 1922 396 2003 Pauper
419 1923 490 1984 erat
513 1918 678 2004 curiusr),
703 1937 801 2000 rapas
827 1919 883 2002 qui
908 1919 1022 1983 maluit
1046 1939 1119 1984 esse

309 2025 495 2101 Fictilibus
520 2024 612 2108 regni
635 2045 736 2107 quam
759 2027 884 2090 violare
908 2023 1019 2089 fidem.

262 2132 434 2214 Agricolas
459 2133 538 2196 olim
562 2132 665 2197 fortes
689 2131 869 2215 oviumque
892 2132 1068 2213 magistros

308 2240 417 2304 Roma
439 2241 609 2302 senatores
633 2238 772 2320 pertulit
795 2242 897 2320 alque
923 2239 1034 2302 duces

195 2347 238 2411 ³5
263 2344 398 2409 lnvictis
422 2345 542 2409 horum
566 2344 690 2409 dextris
715 2345 854 2408 adversa
877 2345 998 2409 cecidit

307 2451 450 2533 Agmina
473 2454 506 2514 et
530 2450 694 2533 egregium
719 2451 859 2532 protulit
882 2451 1065 2533 imperium.

265 2559 451 2638 Paupertas
475 2556 555 2620 olim
577 2558 763 2638 praeclaras
788 2557 935 2622 condidit
959 2559 1069 2635 urbes,

307 2663 430 2744 Fruges
455 2664 602 2726 desertos
627 2664 714 2727 serre
738 2664 845 2743 coegit
869 2684 975 2745 agros.

263 2769 402 2832 Artibus
425 2769 569 2832 inventis
595 2769 745 2833 homines
770 2771 939 2835 decorarit
963 2772 997 2833 et
1021 2770 1109 2832 omni

195 2878 238 2939 40
308 2874 429 2938 Libera
452 2879 589 2956 peccato
613 2875 874 2958 criminibusque
898 2875 969 2939 suit.

264 2981 352 3045 Hinc
376 2983 427 3044 est
451 2980 559 3044 omnis
584 2982 699 3056 bonor,
724 2981 800 3045 binc
823 2982 931 3045 omnis
956 2981 1059 3064 gloria
1084 2982 1183 3058 venit,

308 3087 479 3150 Laudibus
503 3087 585 3151 haec
609 3088 737 3151 cunctis
762 3087 874 3151 functa
899 3108 958 3169 per
982 3107 1080 3152 omne
1104 3107 1220 3168 genus.

267 3192 356 3256 llaec
380 3195 413 3256 et
437 3192 620 3257 Aristidem
644 3192 768 3257 iustum
794 3195 992 3276 doctumque
1018 3194 1156 3257 Platona

306 3298 399 3362 Fecit
423 3301 458 3362 et
480 3299 660 3378 Ascrae04)
686 3300 798 3363 laurea
822 3303 910 3363 serta
934 3300 1034 3363 dedit.

195 3406 237 3469 45
264 3405 413 3468 Haecin
438 3405 633 3486 Anaxagora
657 3407 791 3488 sapiens
816 3408 848 3468 et
873 3406 1007 3469 Socrate
1032 3406 1119 3469 clara

307 3509 418 3592 Atque
443 3509 477 3574 in
500 3511 652 3575 Maeonio
676 3514 750 3575 rate
775 3513 900 3575 diserta
924 3510 995 3575 suit.

264 3617 355 3680 Haec
380 3637 453 3681 mea
478 3616 625 3680 Castalio
649 3617 819 3698 perfundit
843 3617 936 3680 labra
960 3617 1088 3698 liquore

308 3723 403 3804 Cogit
427 3727 460 3787 et
484 3723 601 3787 audaci
626 3723 753 3805 plectra
775 3723 875 3786 scrire
899 3743 1010 3787 manu.
