2632 4718
7 4104 274 4426 tn

711 734 930 801 ..10-

395 914 532 991 peccato
548 914 681 989 nocent,
698 912 876 977 immatura
892 914 1011 987 morte,
1029 932 1071 977 ne
1085 915 1221 978 tantum
1238 914 1316 980 ob··

394 1020 530 1099 queant,
555 1036 597 1081 ne
620 1018 782 1082 mundum
805 1020 1031 1100 corrumpant,
1055 1018 1246 1101 rapiuntur.
1293 1022 1308 1086 1

394 1142 460 1205 que
483 1123 677 1187 enitendum
707 1143 766 1205 pro
789 1124 933 1195 viribus.
963 1126 1000 1188 ut
1029 1125 1064 1188 et
1086 1128 1223 1191 sanctos
1249 1146 1304 1191 mo

394 1230 428 1291 et
457 1229 562 1292 bonas
593 1229 719 1293 litteras
750 1227 848 1294 simut
880 1230 1082 1295 edoceantur
1101 1230 1298 1297 adolescent

309 1334 351 1395 65
394 1335 528 1417 qnando
545 1335 689 1401 atterum
705 1334 776 1399 sine
792 1336 898 1401 altero
915 1336 1025 1401 facere
1038 1335 1131 1401 nullo
1147 1336 1252 1403 modo
1269 1338 1292 1402 li

393 1441 439 1503 At
463 1441 489 1503 si
515 1440 549 1504 in
566 1441 672 1505 altero
696 1442 904 1523 peccandum
920 1442 1017 1515 toret,
1035 1440 1144 1524 potior
1161 1442 1246 1507 mihi
1271 1464 1308 1509 ra

394 1547 526 1611 vivendi
550 1547 701 1621 honeste,
731 1566 833 1629 quam
855 1547 908 1611 rel
931 1547 1058 1631 optime
1081 1548 1234 1614 discendi
1263 1549 1312 1614 ri·

394 1656 493 1717 retur.
533 1652 619 1717 blato
642 1652 730 1718 enim
746 1673 804 1718 eos
828 1653 937 1717 nutias
960 1652 1046 1718 scire
1063 1652 1196 1719 litteras
1218 1674 1304 1721 orna

393 1758 553 1835 moribus,
582 1778 683 1841 quam
706 1758 818 1824 omnia
845 1758 931 1823 scire
958 1758 1045 1824 mate
1068 1762 1218 1825 moratos
1240 1761 1308 1825 mat

309 1862 351 1924 70
393 1884 459 1946 qne
488 1864 674 1930 simillimos
702 1884 775 1930 esse
806 1863 1040 1939 daemonibus,
1069 1863 1129 1949 qui
1150 1865 1217 1930 etsi
1249 1884 1307 1930 mu

392 1970 502 2035 sciunt
526 1971 625 2051 (nam
654 1971 689 2035 id
722 1972 798 2035 ideo
821 1970 887 2035 illis
915 1969 1059 2035 inditum
1091 1973 1144 2036 est
1171 1990 1193 2036 a
1216 1970 1316 2037 Grae

392 2074 576 2159 noment))
601 2079 679 2140 sunt
695 2081 867 2159 tamquam
890 2076 1038 2159 pessimi.
1077 2075 1246 2155 Alterum,
1263 2096 1316 2160 qu

392 2202 450 2245 ros
480 2181 669 2246 meminisse
693 2183 808 2259 velim,
841 2186 906 2261 est,
935 2180 1081 2264 nequid
1108 2181 1173 2246 nisi
1198 2183 1316 2248 doctis

392 2308 520 2353 morum
545 2292 720 2352 ariolorum
744 2288 892 2353 ediscere
925 2288 1048 2369 cogatis
1072 2288 1316 2353 adolescentuli

309 2391 349 2454 75
393 2394 493 2458 immo
527 2415 567 2457 ne
591 2394 820 2476 grammaticas
851 2395 985 2476 quidem
1020 2394 1150 2475 regulas
1174 2393 1238 2458 nisi
1262 2415 1316 2459 cor

392 2502 516 2583 pendia
545 2501 709 2582 quaedam
743 2500 956 2581 brevissima,
985 2521 1071 2582 quae
1116 2501 1224 2564 teneri
1257 2499 1309 2564 sac

392 2607 550 2671 memoria
574 2610 708 2688 queant.
745 2606 859 2670 Laudo
881 2628 938 2670 eos
955 2607 1115 2681 ediscere,
1132 2607 1191 2670 sed
1208 2608 1307 2669 tantu

392 2716 427 2776 nt
454 2713 526 2776 illas
550 2713 684 2776 assidue
708 2714 928 2794 accurateque
953 2713 1063 2794 legant
1088 2710 1291 2792 nominaque

391 2819 494 2881 rerba
519 2818 684 2881 declinare
708 2819 834 2898 optime
858 2817 973 2882 sciant.
1021 2816 1119 2894 Nam,
1149 2817 1229 2880 dum
1256 2818 1311 2880 tnc

306 2924 350 2982 80
392 2924 561 2987 brationes
586 2927 716 2988 nostras
747 2925 798 2988 rel
822 2925 969 2987 carmine
1001 2924 1051 2986 ret
1077 2942 1176 3004 prosa
1198 2923 1308 2986 oratio

392 3034 425 3094 et
449 3031 514 3094 iam
544 3031 585 3094 de
609 3034 678 3094 arte
707 3030 938 3094 commendare.
967 3028 1145 3093 memoriae
1176 3049 1234 3092 eos
1263 3048 1316 3102 co

392 3156 481 3211 mna,
510 3156 660 3200 erramus
694 3135 746 3216 (ut
776 3135 858 3198 mitri
889 3134 1024 3217 quidem
1053 3134 1201 3215 videtur)
1238 3136 1308 3198 mut

392 3243 509 3305 modis.
558 3243 721 3315 Primum,
751 3242 842 3324 quod
865 3260 950 3322 quae
980 3258 1110 3303 summo
1141 3239 1257 3304 labore
1281 3261 1300 3304 e

391 3348 560 3417 dicerunt,
596 3348 774 3411 dediscunt
804 3347 917 3429 paucis
948 3345 1082 3424 diebuS,
1106 3345 1196 3426 quod
1226 3366 1288 3426 ego

305 3452 348 3515 85
392 3473 475 3536 puer
491 3455 569 3518 olim
587 3458 621 3518 et
637 3452 768 3517 iuvenis
792 3450 985 3535 compositis
1002 3452 1103 3514 etiam
1124 3471 1212 3514 ame
1230 3472 1310 3533 regu

391 3580 464 3623 sum
490 3579 589 3642 saepe
613 3563 778 3640 expertus.
827 3558 912 3622 Nam
935 3578 1011 3621 enm
1035 3577 1194 3639 generum
1218 3558 1313 3639 regul

391 3666 689 3748 praeteritorumre
717 3684 846 3729 summa
877 3685 957 3728 cura
985 3663 1166 3727 memoriae
1195 3664 1316 3727 mand

391 3792 471 3843 sem,
496 3772 649 3853 perbrevi
673 3770 902 3835 obliviscebar.
950 3770 1041 3834 Idem
1072 3770 1191 3832 ceteris
1216 3788 1308 3851 quoq

391 3877 525 3942 evenire
549 3878 712 3942 existimo.
764 3877 942 3940 Praeterea
966 3874 1159 3939 difficultate
1183 3877 1257 3938 tum
1280 3895 1314 3938 m

306 3982 349 4045 90
392 3984 506 4055 teriae,
538 3987 608 4046 tum
633 3983 700 4046 stili
729 4003 768 4047 eo
797 3981 1039 4064 desperationis
1068 3981 1226 4057 veniunt,
1258 3986 1294 4044 ut

391 4090 521 4153 scholas
551 4093 584 4152 ct
608 4089 736 4153 litteras
768 4089 895 4170 fugiant
923 4091 957 4153 et
980 4087 1101 4166 studia,
1127 4106 1214 4168 quae
1237 4106 1313 4151 ama

391 4196 539 4260 nondum
564 4197 714 4274 possunt,
739 4195 880 4259 maxime
910 4194 1050 4259 oderint.
1098 4193 1185 4256 Turn
1215 4210 1254 4255 eo
1277 4192 1312 4274 ip

390 4302 556 4382 tempore,
586 4319 653 4382 quo
678 4304 790 4364 nostra
814 4301 978 4381 ediscunt,
1006 4298 1138 4363 facilius
1160 4297 1306 4380 meliusq
