2632 4718
524 764 742 827 ...27-

170 939 317 1005 Humani
340 941 529 1003 monstrum
551 938 683 1021 generis
707 937 932 1019 iuvenumque
956 955 1088 1018 vorago,

214 1046 385 1111 Pernicies
409 1044 521 1121 animi,
545 1045 694 1127 corporis
718 1043 874 1119 exitium3

169 1153 251 1216 Auri
275 1149 462 1234 expilatrix,
487 1149 608 1214 inferni
632 1151 733 1215 ianua
759 1149 852 1225 Ditis,

215 1259 337 1333 Fallax,
360 1257 483 1322 blanda
508 1255 599 1332 loris,
623 1255 715 1320 intus
738 1276 851 1321 amara
876 1255 987 1331 nimis;

102 1367 145 1430 35
171 1365 216 1429 Ut
238 1365 355 1447 vulpes
379 1364 499 1437 astuta,
523 1382 622 1427 vorax
646 1366 818 1445 {amquam
842 1362 922 1444 lupa
955 1360 1078 1442 plumis

214 1471 256 1534 Et
279 1470 385 1551 paleis
409 1469 521 1544 lenior,
547 1469 593 1532 nil
618 1467 681 1532 nisi
705 1450 828 1532 munus
853 1487 978 1531 amans.

175 1577 297 1641 Rarior
321 1578 371 1639 est
395 1575 471 1639 albo
495 1576 652 1639 constans
676 1573 741 1638 sibi
765 1573 887 1637 femina
910 1592 1017 1641 corno,

216 1683 325 1746 Cessit
349 1682 391 1745 ab
415 1681 496 1747 orbe
520 1679 613 1757 fides,
636 1677 719 1762 fugit
730 1680 779 1743 ·in
803 1682 893 1742 astra
916 1679 1033 1760 pudor.

173 1789 372 1852 Enumerern
396 1787 504 1860 citius,
529 1788 612 1868 quot
635 1785 772 1851 frondes
795 1805 874 1849 rere
900 1786 1084 1866 resurgant,

103 1897 148 1959 40
219 1895 321 1957 Poma
344 1892 427 1975 quot
451 1896 633 1958 autumnus
656 1891 774 1956 fundat
797 1891 972 1974 hiemsque
997 1889 1099 1963 uires,

173 1999 281 2076 Quam
305 1998 393 2063 mala
417 1997 569 2063 femineis
592 1997 748 2062 manibus
771 1997 914 2061 tractata
938 1995 1091 2076 dolisque

216 2104 377 2189 Incipiam
400 2103 513 2168 verbis
537 2122 796 2168 commemorare
821 2102 913 2166 rneis.

175 2211 272 2287 Hinc,
297 2209 438 2287 Collina,
462 2209 563 2275 velim
586 2209 785 2292 prudentius
809 2208 1007 2290 ingrediare,

218 2316 361 2382 Sedulus
385 2315 539 2400 ingenuis
562 2316 689 2380 artibus
714 2314 874 2396 invigiles,

105 2425 149 2489 45
175 2424 303 2488 Necte
327 2422 505 2505 poeniteat,
529 2421 657 2486 calamo
681 2423 882 2486 contendere
907 2440 1047 2495 mecum,

219 2529 379 2593 Versibus
404 2532 456 2593 est
479 2528 605 2592 crebris
629 2531 743 2591 noster
767 2528 906 2592 alendus
931 2546 1031 2591 amor.

533 2760 746 2768 ————-

597 2934 684 2999 Xlll.

475 3093 539 3163 Ad
562 3092 766 3187 Quintum.
782 3094 806 3177 1>

401 3219 449 3287 In
471 3217 584 3288 navis
607 3217 865 3286 inventorem.

132 3403 147 3462 l
175 3399 249 3476 Quo
272 3417 443 3481 properas,
467 3398 595 3476 Quinti,
620 3416 718 3460 casus
742 3395 851 3458 risurc
877 3394 1042 3459 marinos?

218 3504 336 3570 Dulcia
359 3524 419 3568 cur
442 3503 540 3587 patrii
566 3502 691 3568 deseris
716 3523 796 3567 arra
819 3502 902 3567 soli?

172 3611 302 3677 ¹Bellica
325 3610 500 3676 contendis
526 3629 613 3674 nunc
637 3611 744 3674 laetus
769 3611 810 3674 ad
836 3628 980 3690 aequora
1013 3608 1116 3672 vitani

220 3720 288 3801 Spe
312 3718 395 3783 lucri
418 3716 556 3781 tumidis
580 3716 792 3799 expositurus
817 3715 921 3797 aquis,

132 3829 150 3887 5
177 3825 261 3900 Heu,
286 3844 352 3906 quo
377 3824 533 3902 mortales
558 3824 663 3905 adigis
687 3843 810 3886 resana
835 3822 956 3903 cirpido

219 3931 423 4013 lllagnarum
449 3949 622 4012 nunquam
647 3949 733 4011 quae
758 3929 899 4002 satiaris,
924 3927 1040 4008 opum!

176 4035 280 4100 Terra
303 4036 393 4101 reiut
418 4036 518 4100 nullis
543 4039 631 4100 esset
655 4035 792 4100 confusa
816 4035 960 4116 periclis

222 4144 260 4208 In
286 4146 426 4225 pontum
451 4142 630 4224 sequimur,
656 4161 743 4205 mors
768 4143 847 4216 fera,
872 4144 941 4204 rete
964 4142 1069 4204 trium.

176 4250 284 4326 Quam
308 4250 394 4314 bene
419 4249 522 4313 divini
548 4248 646 4313 cessit
669 4248 896 4312 moderamine
921 4247 990 4323 sati,

112 4357 153 4420 10
222 4354 398 4421 Artificem
423 4355 565 4437 primum
591 4375 674 4420 nave
699 4354 826 4437 perisse
850 4353 925 4418 sua!
976 4407 978 4410 .
