<?xml version="1.0" encoding="UTF-8"?>
<!DOCTYPE html PUBLIC "-//W3C//DTD XHTML 1.0 Transitional//EN"
    "http://www.w3.org/TR/xhtml1/DTD/xhtml1-transitional.dtd">
<html xmlns="http://www.w3.org/1999/xhtml" xml:lang="en" lang="en">
 <head>
  <title>
</title>
<meta http-equiv="Content-Type" content="text/html;charset=utf-8" />
  <meta name='ocr-system' content='tesseract 3.04.00' />
  <meta name='ocr-capabilities' content='ocr_page ocr_carea ocr_par ocr_line ocrx_word'/>
</head>
<body>
  <div class='ocr_page' id='page_1' title='image "./ausgewhltewerke00bmgoog_0234.png"; bbox 0 0 2632 4718; ppageno 0'>
   <div class='ocr_carea' id='block_1_1' title="bbox 562 687 780 752">
    <p class='ocr_par' dir='ltr' id='par_1_1' title="bbox 562 687 780 752">
     <span class='ocr_line' id='line_1_1' title="bbox 562 687 780 752; baseline 0.005 -19"><span class='ocrx_word' id='word_1_1' title='bbox 562 687 780 752; x_wconf 81' lang='grc'>...89-</span> 
     </span>
    </p>
   </div>
   <div class='ocr_carea' id='block_1_2' title="bbox 637 862 708 928">
    <p class='ocr_par' dir='ltr' id='par_1_2' title="bbox 637 862 708 928">
     <span class='ocr_line' id='line_1_2' title="bbox 637 862 708 928; baseline -0.014 -1"><span class='ocrx_word' id='word_1_2' title='bbox 637 862 708 928; x_wconf 87' lang='lat' dir='ltr'>Xll.</span> 
     </span>
    </p>
   </div>
   <div class='ocr_carea' id='block_1_3' title="bbox 126 1000 1203 1410">
    <p class='ocr_par' dir='ltr' id='par_1_3' title="bbox 126 1000 1202 1075">
     <span class='ocr_line' id='line_1_3' title="bbox 126 1000 1202 1075; baseline -0.005 0"><span class='ocrx_word' id='word_1_3' title='bbox 126 1005 193 1075; x_wconf 83' lang='lat' dir='ltr'>Ad</span> <span class='ocrx_word' id='word_1_4' title='bbox 235 1002 511 1074; x_wconf 85' lang='lat' dir='ltr'>venerabilem</span> <span class='ocrx_word' id='word_1_5' title='bbox 550 1000 696 1073; x_wconf 84' lang='lat' dir='ltr'>Christi</span> <span class='ocrx_word' id='word_1_6' title='bbox 729 1001 981 1072; x_wconf 77' lang='lat' dir='ltr'><strong>sacerdotem</strong></span> <span class='ocrx_word' id='word_1_7' title='bbox 1010 1001 1202 1071; x_wconf 86' lang='lat' dir='ltr'>Ioannem</span> 
     </span>
    </p>

    <p class='ocr_par' dir='ltr' id='par_1_4' title="bbox 126 1107 1202 1200">
     <span class='ocr_line' id='line_1_4' title="bbox 126 1107 1202 1200; baseline -0.005 -19"><span class='ocrx_word' id='word_1_8' title='bbox 126 1112 357 1200; x_wconf 71' lang='lat' dir='ltr'>liutgerum</span> <span class='ocrx_word' id='word_1_9' title='bbox 364 1110 393 1194; x_wconf 88' lang='lat'>¹)</span> <span class='ocrx_word' id='word_1_10' title='bbox 406 1107 778 1194; x_wconf 68' lang='lat' dir='ltr'>monasteriensem,</span> <span class='ocrx_word' id='word_1_11' title='bbox 802 1107 953 1179; x_wconf 82' lang='lat' dir='ltr'>ordinis</span> <span class='ocrx_word' id='word_1_12' title='bbox 969 1107 1202 1177; x_wconf 86' lang='lat' dir='ltr'>elericorum</span> 
     </span>
    </p>

    <p class='ocr_par' dir='ltr' id='par_1_5' title="bbox 126 1212 1203 1410">
     <span class='ocr_line' id='line_1_5' title="bbox 126 1212 1203 1287; baseline -0.005 0"><span class='ocrx_word' id='word_1_13' title='bbox 126 1217 171 1287; x_wconf 91' lang='lat' dir='ltr'>in</span> <span class='ocrx_word' id='word_1_14' title='bbox 199 1234 419 1287; x_wconf 82' lang='lat' dir='ltr'>commune</span> <span class='ocrx_word' id='word_1_15' title='bbox 444 1213 660 1285; x_wconf 86' lang='lat' dir='ltr'>viventium</span> <span class='ocrx_word' id='word_1_16' title='bbox 692 1214 736 1283; x_wconf 93' lang='lat' dir='ltr'>in</span> <span class='ocrx_word' id='word_1_17' title='bbox 768 1214 868 1284; x_wconf 88' lang='lat' dir='ltr'>urbe</span> <span class='ocrx_word' id='word_1_18' title='bbox 895 1212 1203 1283; x_wconf 72' lang='lat' dir='ltr'>monasteriensi</span> 
     </span>
     <span class='ocr_line' id='line_1_6' title="bbox 195 1319 1141 1410; baseline -0.004 -18"><span class='ocrx_word' id='word_1_19' title='bbox 195 1320 253 1393; x_wconf 86' lang='lat' dir='ltr'>ad</span> <span class='ocrx_word' id='word_1_20' title='bbox 277 1322 432 1392; x_wconf 87' lang='lat' dir='ltr'>iontem</span> <span class='ocrx_word' id='word_1_21' title='bbox 454 1319 672 1403; x_wconf 74' lang='lat' dir='ltr'>salientem,</span> <span class='ocrx_word' id='word_1_22' title='bbox 696 1319 937 1410; x_wconf 77' lang='lat' dir='ltr'>singularem</span> <span class='ocrx_word' id='word_1_23' title='bbox 960 1319 1141 1389; x_wconf 85' lang='lat' dir='ltr'>amioum.</span> 
     </span>
    </p>
   </div>
   <div class='ocr_carea' id='block_1_4' title="bbox 481 1443 863 1515">
    <p class='ocr_par' dir='ltr' id='par_1_6' title="bbox 481 1443 863 1515">
     <span class='ocr_line' id='line_1_7' title="bbox 481 1443 863 1515; baseline -0.005 0"><span class='ocrx_word' id='word_1_24' title='bbox 481 1445 541 1515; x_wconf 94' lang='lat' dir='ltr'>De</span> <span class='ocrx_word' id='word_1_25' title='bbox 565 1463 681 1515; x_wconf 81' lang='lat' dir='ltr'>oruee</span> <span class='ocrx_word' id='word_1_26' title='bbox 705 1443 863 1515; x_wconf 77' lang='lat' dir='ltr'>Christi.</span> 
     </span>
    </p>
   </div>
   <div class='ocr_carea' id='block_1_5' title="bbox 133 1605 1201 4340">
    <p class='ocr_par' dir='ltr' id='par_1_7' title="bbox 133 1605 1201 4340">
     <span class='ocr_line' id='line_1_8' title="bbox 154 1605 1201 1692; baseline -0.006 -18"><span class='ocrx_word' id='word_1_27' title='bbox 154 1614 168 1674; x_wconf 92' lang='lat' dir='ltr'>i</span> <span class='ocrx_word' id='word_1_28' title='bbox 199 1610 313 1687; x_wconf 90' lang='lat' dir='ltr'>Quam</span> <span class='ocrx_word' id='word_1_29' title='bbox 336 1607 394 1692; x_wconf 91' lang='lat' dir='ltr'>pia</span> <span class='ocrx_word' id='word_1_30' title='bbox 408 1625 505 1671; x_wconf 86' lang='lat' dir='ltr'>mens</span> <span class='ocrx_word' id='word_1_31' title='bbox 526 1608 658 1689; x_wconf 86' lang='lat' dir='ltr'>gaudet,</span> <span class='ocrx_word' id='word_1_32' title='bbox 675 1605 801 1671; x_wconf 77' lang='lat' dir='ltr'>Christi</span> <span class='ocrx_word' id='word_1_33' title='bbox 823 1607 1012 1670; x_wconf 79' lang='lat' dir='ltr'>venerande</span> <span class='ocrx_word' id='word_1_34' title='bbox 1036 1606 1201 1683; x_wconf 76' lang='lat' dir='ltr'>sacerdos,</span> 
     </span>
     <span class='ocr_line' id='line_1_9' title="bbox 248 1712 994 1780; baseline -0.005 0"><span class='ocrx_word' id='word_1_35' title='bbox 248 1716 350 1780; x_wconf 84' lang='lat' dir='ltr'>Sacra</span> <span class='ocrx_word' id='word_1_36' title='bbox 375 1713 565 1779; x_wconf 81' lang='lat' dir='ltr'>salutiferae</span> <span class='ocrx_word' id='word_1_37' title='bbox 589 1733 849 1778; x_wconf 85' lang='lat' dir='ltr'>commemorare</span> <span class='ocrx_word' id='word_1_38' title='bbox 873 1712 994 1777; x_wconf 84' lang='lat' dir='ltr'>crucis!</span> 
     </span>
     <span class='ocr_line' id='line_1_10' title="bbox 201 1818 1015 1904; baseline -0.004 -19"><span class='ocrx_word' id='word_1_39' title='bbox 201 1822 281 1886; x_wconf 81' lang='lat' dir='ltr'>Non</span> <span class='ocrx_word' id='word_1_40' title='bbox 304 1821 352 1885; x_wconf 85' lang='lat' dir='ltr'>ita</span> <span class='ocrx_word' id='word_1_41' title='bbox 375 1820 440 1885; x_wconf 90' lang='lat' dir='ltr'>sub</span> <span class='ocrx_word' id='word_1_42' title='bbox 464 1820 581 1904; x_wconf 88' lang='lat' dir='ltr'>rapido</span> <span class='ocrx_word' id='word_1_43' title='bbox 604 1818 794 1884; x_wconf 87' lang='lat' dir='ltr'>sitibundus</span> <span class='ocrx_word' id='word_1_44' title='bbox 817 1820 886 1884; x_wconf 86' lang='lat' dir='ltr'>sole</span> <span class='ocrx_word' id='word_1_45' title='bbox 910 1818 1015 1883; x_wconf 81' lang='lat' dir='ltr'>viator</span> 
     </span>
     <span class='ocr_line' id='line_1_11' title="bbox 247 1927 999 2009; baseline -0.003 -18"><span class='ocrx_word' id='word_1_46' title='bbox 247 1927 398 1992; x_wconf 83' lang='lat' dir='ltr'>Excusso</span> <span class='ocrx_word' id='word_1_47' title='bbox 421 1927 542 1992; x_wconf 82' lang='lat' dir='ltr'>vitreas</span> <span class='ocrx_word' id='word_1_48' title='bbox 565 1927 703 2009; x_wconf 85' lang='lat' dir='ltr'>pulvere</span> <span class='ocrx_word' id='word_1_49' title='bbox 727 1927 858 2009; x_wconf 88' lang='lat' dir='ltr'>quaerit</span> <span class='ocrx_word' id='word_1_50' title='bbox 881 1946 999 2009; x_wconf 78' lang='lat' dir='ltr'>aquas3</span> 
     </span>
     <span class='ocr_line' id='line_1_12' title="bbox 152 2032 985 2116; baseline -0.004 -16"><span class='ocrx_word' id='word_1_51' title='bbox 152 2038 175 2099; x_wconf 84' lang='lat'>5</span> <span class='ocrx_word' id='word_1_52' title='bbox 204 2034 284 2100; x_wconf 89' lang='lat' dir='ltr'>Non</span> <span class='ocrx_word' id='word_1_53' title='bbox 307 2035 391 2099; x_wconf 90' lang='lat' dir='ltr'>adeo</span> <span class='ocrx_word' id='word_1_54' title='bbox 415 2033 538 2116; x_wconf 86' lang='lat' dir='ltr'>cupido</span> <span class='ocrx_word' id='word_1_55' title='bbox 554 2032 694 2099; x_wconf 84' lang='lat' dir='ltr'>Cretaea</span> <span class='ocrx_word' id='word_1_56' title='bbox 717 2052 835 2099; x_wconf 85' lang='lat' dir='ltr'>cerrus</span> <span class='ocrx_word' id='word_1_57' title='bbox 859 2033 901 2097; x_wconf 89' lang='lat' dir='ltr'>ab</span> <span class='ocrx_word' id='word_1_58' title='bbox 926 2034 985 2097; x_wconf 87' lang='lat' dir='ltr'>lda</span> 
     </span>
     <span class='ocr_line' id='line_1_13' title="bbox 248 2135 913 2223; baseline -0.005 -18"><span class='ocrx_word' id='word_1_59' title='bbox 248 2135 461 2206; x_wconf 85' lang='lat' dir='ltr'>Dietamnu’m</span> <span class='ocrx_word' id='word_1_60' title='bbox 485 2141 551 2206; x_wconf 90' lang='lat' dir='ltr'>telo</span> <span class='ocrx_word' id='word_1_61' title='bbox 574 2140 706 2205; x_wconf 88' lang='lat' dir='ltr'>saucius</span> <span class='ocrx_word' id='word_1_62' title='bbox 730 2160 788 2205; x_wconf 91' lang='lat' dir='ltr'>ore</span> <span class='ocrx_word' id='word_1_63' title='bbox 810 2140 913 2223; x_wconf 81' lang='lat' dir='ltr'>petit3</span> 
     </span>
     <span class='ocr_line' id='line_1_14' title="bbox 204 2247 1094 2331; baseline -0.004 -19"><span class='ocrx_word' id='word_1_64' title='bbox 204 2248 276 2312; x_wconf 84' lang='lat' dir='ltr'>Nee</span> <span class='ocrx_word' id='word_1_65' title='bbox 299 2250 367 2312; x_wconf 88' lang='lat' dir='ltr'>lam</span> <span class='ocrx_word' id='word_1_66' title='bbox 391 2248 552 2312; x_wconf 86' lang='lat' dir='ltr'>mustelae</span> <span class='ocrx_word' id='word_1_67' title='bbox 576 2266 713 2312; x_wconf 82' lang='lat' dir='ltr'>saevum</span> <span class='ocrx_word' id='word_1_68' title='bbox 737 2247 902 2331; x_wconf 87' lang='lat' dir='ltr'>serpentis</span> <span class='ocrx_word' id='word_1_69' title='bbox 926 2248 968 2311; x_wconf 90' lang='lat' dir='ltr'>ad</span> <span class='ocrx_word' id='word_1_70' title='bbox 992 2247 1094 2309; x_wconf 82' lang='lat' dir='ltr'>ictum</span> 
     </span>
     <span class='ocr_line' id='line_1_15' title="bbox 252 2353 1043 2437; baseline -0.004 -19"><span class='ocrx_word' id='word_1_71' title='bbox 252 2355 413 2436; x_wconf 86' lang='lat' dir='ltr'>Optatam</span> <span class='ocrx_word' id='word_1_72' title='bbox 436 2356 533 2418; x_wconf 88' lang='lat' dir='ltr'>rutae</span> <span class='ocrx_word' id='word_1_73' title='bbox 557 2353 845 2437; x_wconf 78' lang='lat' dir='ltr'>praemeditantur</span> <span class='ocrx_word' id='word_1_74' title='bbox 868 2373 976 2436; x_wconf 83' lang='lat' dir='ltr'>opem,</span> <span class='ocrx_word' id='word_1_75' title='bbox 1001 2388 1043 2399; x_wconf 92' lang='lat'>—</span> 
     </span>
     <span class='ocr_line' id='line_1_16' title="bbox 203 2459 1145 2544; baseline -0.003 -19"><span class='ocrx_word' id='word_1_76' title='bbox 203 2462 314 2538; x_wconf 84' lang='lat' dir='ltr'>Quam</span> <span class='ocrx_word' id='word_1_77' title='bbox 339 2460 488 2525; x_wconf 84' lang='lat' dir='ltr'>studiosa</span> <span class='ocrx_word' id='word_1_78' title='bbox 511 2480 605 2526; x_wconf 87' lang='lat' dir='ltr'>sacro</span> <span class='ocrx_word' id='word_1_79' title='bbox 630 2460 799 2544; x_wconf 88' lang='lat' dir='ltr'>perfusam</span> <span class='ocrx_word' id='word_1_80' title='bbox 824 2459 982 2542; x_wconf 86' lang='lat' dir='ltr'>sanguine</span> <span class='ocrx_word' id='word_1_81' title='bbox 1006 2459 1145 2541; x_wconf 86' lang='lat' dir='ltr'>stirpem</span> 
     </span>
     <span class='ocr_line' id='line_1_17' title="bbox 134 2566 1032 2633; baseline -0.004 0"><span class='ocrx_word' id='word_1_82' title='bbox 134 2572 177 2633; x_wconf 86' lang='lat'>10</span> <span class='ocrx_word' id='word_1_83' title='bbox 250 2566 358 2631; x_wconf 89' lang='lat' dir='ltr'>Corda</span> <span class='ocrx_word' id='word_1_84' title='bbox 382 2567 435 2631; x_wconf 85' lang='lat' dir='ltr'>dei</span> <span class='ocrx_word' id='word_1_85' title='bbox 459 2570 574 2632; x_wconf 86' lang='lat' dir='ltr'>eontra</span> <span class='ocrx_word' id='word_1_86' title='bbox 598 2568 769 2632; x_wconf 88' lang='lat' dir='ltr'>daemonis</span> <span class='ocrx_word' id='word_1_87' title='bbox 793 2588 886 2631; x_wconf 84' lang='lat' dir='ltr'>arma</span> <span class='ocrx_word' id='word_1_88' title='bbox 909 2568 1032 2630; x_wconf 81' lang='lat' dir='ltr'>uolunt.</span> 
     </span>
     <span class='ocr_line' id='line_1_18' title="bbox 203 2672 964 2753; baseline -0.003 -16"><span class='ocrx_word' id='word_1_89' title='bbox 203 2673 233 2737; x_wconf 95' lang='lat' dir='ltr'><strong>O</strong></span> <span class='ocrx_word' id='word_1_90' title='bbox 259 2672 382 2738; x_wconf 79' lang='lat' dir='ltr'>Christi</span> <span class='ocrx_word' id='word_1_91' title='bbox 406 2672 549 2753; x_wconf 81' lang='lat' dir='ltr'>bouitas,</span> <span class='ocrx_word' id='word_1_92' title='bbox 572 2673 663 2738; x_wconf 91' lang='lat' dir='ltr'>omni</span> <span class='ocrx_word' id='word_1_93' title='bbox 687 2673 848 2738; x_wconf 86' lang='lat' dir='ltr'>mirabilis</span> <span class='ocrx_word' id='word_1_94' title='bbox 873 2692 964 2745; x_wconf 79' lang='lat' dir='ltr'>aero,</span> 
     </span>
     <span class='ocr_line' id='line_1_19' title="bbox 250 2779 1128 2864; baseline 0 -21"><span class='ocrx_word' id='word_1_95' title='bbox 250 2779 278 2843; x_wconf 91' lang='grc' dir='ltr'>Ο</span> <span class='ocrx_word' id='word_1_96' title='bbox 302 2799 465 2864; x_wconf 88' lang='lat' dir='ltr'>superans</span> <span class='ocrx_word' id='word_1_97' title='bbox 490 2780 661 2855; x_wconf 86' lang='lat' dir='ltr'>hominum</span> <span class='ocrx_word' id='word_1_98' title='bbox 685 2783 822 2862; x_wconf 79' lang='lat' dir='ltr'>pectora</span> <span class='ocrx_word' id='word_1_99' title='bbox 846 2800 996 2843; x_wconf 84' lang='lat' dir='ltr'>summus</span> <span class='ocrx_word' id='word_1_100' title='bbox 1020 2781 1128 2844; x_wconf 84' lang='lat' dir='ltr'>arnor!</span> 
     </span>
     <span class='ocr_line' id='line_1_20' title="bbox 201 2886 1049 2965; baseline 0.001 -16"><span class='ocrx_word' id='word_1_101' title='bbox 201 2886 366 2950; x_wconf 82' lang='lat' dir='ltr'>Maximus</span> <span class='ocrx_word' id='word_1_102' title='bbox 390 2886 446 2951; x_wconf 87' lang='lat' dir='ltr'>ille</span> <span class='ocrx_word' id='word_1_103' title='bbox 470 2887 563 2965; x_wconf 80' lang='lat' dir='ltr'>dene,</span> <span class='ocrx_word' id='word_1_104' title='bbox 587 2886 681 2950; x_wconf 85' lang='lat' dir='ltr'>ouius</span> <span class='ocrx_word' id='word_1_105' title='bbox 705 2889 797 2951; x_wconf 89' lang='lat' dir='ltr'>stant</span> <span class='ocrx_word' id='word_1_106' title='bbox 819 2887 929 2951; x_wconf 86' lang='lat' dir='ltr'>emnia</span> <span class='ocrx_word' id='word_1_107' title='bbox 954 2891 1049 2963; x_wconf 85' lang='lat' dir='ltr'>nutu,</span> 
     </span>
     <span class='ocr_line' id='line_1_21' title="bbox 248 2991 962 3074; baseline 0.003 -19"><span class='ocrx_word' id='word_1_108' title='bbox 248 2991 401 3074; x_wconf 88' lang='lat' dir='ltr'>Virgineo</span> <span class='ocrx_word' id='word_1_109' title='bbox 424 3012 523 3058; x_wconf 88' lang='lat' dir='ltr'>verus</span> <span class='ocrx_word' id='word_1_110' title='bbox 547 2995 706 3073; x_wconf 86' lang='lat' dir='ltr'>sanguine</span> <span class='ocrx_word' id='word_1_111' title='bbox 730 2997 829 3057; x_wconf 87' lang='lat' dir='ltr'>natus</span> <span class='ocrx_word' id='word_1_112' title='bbox 854 2995 962 3067; x_wconf 81' lang='lat' dir='ltr'>horno,</span> 
     </span>
     <span class='ocr_line' id='line_1_22' title="bbox 134 3098 1011 3182; baseline -0.002 -18"><span class='ocrx_word' id='word_1_113' title='bbox 134 3101 176 3164; x_wconf 83' lang='lat'>15</span> <span class='ocrx_word' id='word_1_114' title='bbox 203 3098 323 3164; x_wconf 86' lang='lat' dir='ltr'>Infima</span> <span class='ocrx_word' id='word_1_115' title='bbox 346 3099 466 3180; x_wconf 85' lang='lat' dir='ltr'>delegit</span> <span class='ocrx_word' id='word_1_116' title='bbox 488 3099 613 3177; x_wconf 89' lang='lat' dir='ltr'>mundi,</span> <span class='ocrx_word' id='word_1_117' title='bbox 637 3118 703 3182; x_wconf 90' lang='lat' dir='ltr'>quo</span> <span class='ocrx_word' id='word_1_118' title='bbox 727 3101 900 3165; x_wconf 77' lang='lat' dir='ltr'>scanderet</span> <span class='ocrx_word' id='word_1_119' title='bbox 927 3102 1011 3164; x_wconf 82' lang='lat' dir='ltr'>allus</span> 
     </span>
     <span class='ocr_line' id='line_1_23' title="bbox 248 3205 1025 3290; baseline 0.001 -22"><span class='ocrx_word' id='word_1_120' title='bbox 248 3205 436 3270; x_wconf 83' lang='lat' dir='ltr'>Aethereae</span> <span class='ocrx_word' id='word_1_121' title='bbox 459 3206 543 3271; x_wconf 87' lang='lat' dir='ltr'>lucis</span> <span class='ocrx_word' id='word_1_122' title='bbox 566 3206 675 3290; x_wconf 81' lang='lat' dir='ltr'>pulvis</span> <span class='ocrx_word' id='word_1_123' title='bbox 700 3208 734 3270; x_wconf 91' lang='lat' dir='ltr'>et</span> <span class='ocrx_word' id='word_1_124' title='bbox 757 3209 875 3271; x_wconf 84' lang='lat' dir='ltr'>umbra</span> <span class='ocrx_word' id='word_1_125' title='bbox 900 3209 1025 3271; x_wconf 82' lang='lat' dir='ltr'>domos.</span> 
     </span>
     <span class='ocr_line' id='line_1_24' title="bbox 201 3311 965 3394; baseline 0.005 -20"><span class='ocrx_word' id='word_1_126' title='bbox 201 3311 401 3394; x_wconf 80' lang='lat' dir='ltr'>Terrigenas</span> <span class='ocrx_word' id='word_1_127' title='bbox 425 3313 511 3377; x_wconf 87' lang='lat' dir='ltr'>inter</span> <span class='ocrx_word' id='word_1_128' title='bbox 535 3312 607 3377; x_wconf 89' lang='lat' dir='ltr'>sine</span> <span class='ocrx_word' id='word_1_129' title='bbox 632 3313 816 3378; x_wconf 89' lang='lat' dir='ltr'>maiestatis</span> <span class='ocrx_word' id='word_1_130' title='bbox 841 3315 965 3378; x_wconf 88' lang='lat' dir='ltr'>honore</span> 
     </span>
     <span class='ocr_line' id='line_1_25' title="bbox 248 3417 925 3485; baseline 0.001 -3"><span class='ocrx_word' id='word_1_131' title='bbox 248 3417 385 3483; x_wconf 88' lang='lat' dir='ltr'>Delituit</span> <span class='ocrx_word' id='word_1_132' title='bbox 409 3420 538 3484; x_wconf 90' lang='lat' dir='ltr'>eoelum</span> <span class='ocrx_word' id='word_1_133' title='bbox 562 3420 699 3485; x_wconf 86' lang='lat' dir='ltr'>fulmine</span> <span class='ocrx_word' id='word_1_134' title='bbox 723 3421 925 3484; x_wconf 83' lang='lat' dir='ltr'>concutiens.</span> 
     </span>
     <span class='ocr_line' id='line_1_26' title="bbox 203 3525 1087 3610; baseline 0.006 -23"><span class='ocrx_word' id='word_1_135' title='bbox 203 3525 306 3589; x_wconf 89' lang='lat' dir='ltr'>Multa</span> <span class='ocrx_word' id='word_1_136' title='bbox 330 3526 407 3591; x_wconf 88' lang='lat' dir='ltr'>tulit</span> <span class='ocrx_word' id='word_1_137' title='bbox 431 3527 536 3591; x_wconf 90' lang='lat' dir='ltr'>nostri</span> <span class='ocrx_word' id='word_1_138' title='bbox 561 3547 668 3600; x_wconf 79' lang='lat' dir='ltr'>causa,</span> <span class='ocrx_word' id='word_1_139' title='bbox 693 3527 864 3609; x_wconf 83' lang='lat' dir='ltr'>frigusque</span> <span class='ocrx_word' id='word_1_140' title='bbox 890 3528 1087 3610; x_wconf 86' lang='lat' dir='ltr'>farnernque,</span> 
     </span>
     <span class='ocr_line' id='line_1_27' title="bbox 133 3631 939 3716; baseline 0.004 -23"><span class='ocrx_word' id='word_1_141' title='bbox 133 3632 179 3694; x_wconf 73' lang='lat'>20</span> <span class='ocrx_word' id='word_1_142' title='bbox 249 3631 289 3694; x_wconf 88' lang='lat' dir='ltr'>El</span> <span class='ocrx_word' id='word_1_143' title='bbox 312 3634 429 3698; x_wconf 89' lang='lat' dir='ltr'>tenero</span> <span class='ocrx_word' id='word_1_144' title='bbox 454 3634 575 3698; x_wconf 89' lang='lat' dir='ltr'>durum</span> <span class='ocrx_word' id='word_1_145' title='bbox 600 3653 740 3716; x_wconf 86' lang='lat' dir='ltr'>corpore</span> <span class='ocrx_word' id='word_1_146' title='bbox 765 3634 842 3699; x_wconf 85' lang='lat' dir='ltr'>fecit</span> <span class='ocrx_word' id='word_1_147' title='bbox 866 3633 939 3696; x_wconf 84' lang='lat' dir='ltr'>itur.</span> 
     </span>
     <span class='ocr_line' id='line_1_28' title="bbox 203 3736 993 3822; baseline 0.005 -23"><span class='ocrx_word' id='word_1_148' title='bbox 203 3736 363 3803; x_wconf 86' lang='lat' dir='ltr'>Abiector</span> <span class='ocrx_word' id='word_1_149' title='bbox 386 3739 505 3804; x_wconf 90' lang='lat' dir='ltr'>tumidi</span> <span class='ocrx_word' id='word_1_150' title='bbox 528 3739 643 3816; x_wconf 74' lang='lat' dir='ltr'>iasine,</span> <span class='ocrx_word' id='word_1_151' title='bbox 669 3744 846 3805; x_wconf 81' lang='lat' dir='ltr'>contentus</span> <span class='ocrx_word' id='word_1_152' title='bbox 871 3741 993 3822; x_wconf 82' lang='lat' dir='ltr'>agresti</span> 
     </span>
     <span class='ocr_line' id='line_1_29' title="bbox 247 3843 908 3928; baseline 0.005 -20"><span class='ocrx_word' id='word_1_153' title='bbox 247 3843 425 3928; x_wconf 84' lang='lat' dir='ltr'>Discipulo.</span> <span class='ocrx_word' id='word_1_154' title='bbox 451 3848 544 3911; x_wconf 87' lang='lat' dir='ltr'>recta</span> <span class='ocrx_word' id='word_1_155' title='bbox 567 3847 660 3911; x_wconf 88' lang='lat' dir='ltr'>duxit</span> <span class='ocrx_word' id='word_1_156' title='bbox 683 3848 719 3910; x_wconf 90' lang='lat' dir='ltr'>in</span> <span class='ocrx_word' id='word_1_157' title='bbox 742 3850 831 3911; x_wconf 88' lang='lat' dir='ltr'>astra</span> <span class='ocrx_word' id='word_1_158' title='bbox 854 3849 908 3911; x_wconf 77' lang='lat' dir='ltr'>ria</span> 
     </span>
     <span class='ocr_line' id='line_1_30' title="bbox 204 3949 978 4036; baseline 0.008 -23"><span class='ocrx_word' id='word_1_159' title='bbox 204 3949 406 4034; x_wconf 85' lang='lat' dir='ltr'>Divinosque</span> <span class='ocrx_word' id='word_1_160' title='bbox 432 3953 483 4018; x_wconf 89' lang='lat' dir='ltr'>dei</span> <span class='ocrx_word' id='word_1_161' title='bbox 507 3954 612 4035; x_wconf 88' lang='lat' dir='ltr'>patris</span> <span class='ocrx_word' id='word_1_162' title='bbox 635 3953 800 4035; x_wconf 87' lang='lat' dir='ltr'>quaesivit</span> <span class='ocrx_word' id='word_1_163' title='bbox 824 3956 978 4036; x_wconf 77' lang='lat' dir='ltr'>honorae,</span> 
     </span>
     <span class='ocr_line' id='line_1_31' title="bbox 246 4057 1023 4138; baseline 0.005 -16"><span class='ocrx_word' id='word_1_164' title='bbox 246 4057 367 4124; x_wconf 88' lang='lat' dir='ltr'>Omnia</span> <span class='ocrx_word' id='word_1_165' title='bbox 390 4079 470 4124; x_wconf 87' lang='lat' dir='ltr'>vera</span> <span class='ocrx_word' id='word_1_166' title='bbox 494 4061 626 4138; x_wconf 79' lang='lat' dir='ltr'>ducena,</span> <span class='ocrx_word' id='word_1_167' title='bbox 650 4059 762 4125; x_wconf 90' lang='lat' dir='ltr'>omnia</span> <span class='ocrx_word' id='word_1_168' title='bbox 785 4062 869 4127; x_wconf 89' lang='lat' dir='ltr'>falsa</span> <span class='ocrx_word' id='word_1_169' title='bbox 893 4081 1023 4126; x_wconf 79' lang='lat' dir='ltr'>carena.</span> 
     </span>
     <span class='ocr_line' id='line_1_32' title="bbox 135 4163 990 4250; baseline 0.006 -22"><span class='ocrx_word' id='word_1_170' title='bbox 135 4164 177 4228; x_wconf 76' lang='lat'>25</span> <span class='ocrx_word' id='word_1_171' title='bbox 201 4163 351 4247; x_wconf 88' lang='lat' dir='ltr'>Corpora</span> <span class='ocrx_word' id='word_1_172' title='bbox 374 4166 503 4231; x_wconf 70' lang='lat' dir='ltr'>sanarit</span> <span class='ocrx_word' id='word_1_173' title='bbox 526 4165 627 4231; x_wconf 86' lang='lat' dir='ltr'>variis</span> <span class='ocrx_word' id='word_1_174' title='bbox 652 4167 842 4250; x_wconf 85' lang='lat' dir='ltr'>languentia</span> <span class='ocrx_word' id='word_1_175' title='bbox 866 4169 990 4233; x_wconf 88' lang='lat' dir='ltr'>morbis</span> 
     </span>
     <span class='ocr_line' id='line_1_33' title="bbox 244 4270 974 4340; baseline 0.008 -6"><span class='ocrx_word' id='word_1_176' title='bbox 244 4270 286 4335; x_wconf 85' lang='lat' dir='ltr'>Ei</span> <span class='ocrx_word' id='word_1_177' title='bbox 308 4272 411 4338; x_wconf 85' lang='lat' dir='ltr'>verbo</span> <span class='ocrx_word' id='word_1_178' title='bbox 434 4273 581 4338; x_wconf 87' lang='lat' dir='ltr'>scabiem</span> <span class='ocrx_word' id='word_1_179' title='bbox 606 4272 703 4338; x_wconf 88' lang='lat' dir='ltr'>iussit</span> <span class='ocrx_word' id='word_1_180' title='bbox 726 4275 818 4340; x_wconf 87' lang='lat' dir='ltr'>abire</span> <span class='ocrx_word' id='word_1_181' title='bbox 842 4275 974 4340; x_wconf 88' lang='lat' dir='ltr'>malam.</span> 
     </span>
    </p>
   </div>
   <div class='ocr_carea' id='block_1_6' title="bbox 0 0 1320 4718">
    <p class='ocr_par' dir='ltr' id='par_1_8' title="bbox 0 0 1320 4718">
     <span class='ocr_line' id='line_1_34' title="bbox 0 0 1320 4718; baseline 0 0"><span class='ocrx_word' id='word_1_182' title='bbox 0 0 1320 4718; x_wconf 95' lang='lat' dir='ltr'> </span> 
     </span>
    </p>
   </div>
  </div>
 </body>
</html>
