2632 4718
512 764 732 830 -37-

83 943 143 1027 25)
167 942 222 1006 Nil
246 941 311 1007 nisi
334 943 523 1008 barbariem
547 943 672 1026 passim
697 944 826 1008 tumido
849 963 906 1005 ore
931 943 1123 1024 loquuntur,

220 1049 296 1114 Non
319 1052 414 1114 vates
438 1053 572 1129 norunt,
597 1049 745 1115 carmina
769 1049 861 1114 nulla
883 1051 1009 1113 tenent.

166 1155 318 1221 Detrahit
343 1155 478 1239 ignarus
503 1158 600 1222 docto
624 1155 773 1221 convicia
797 1156 935 1235 iactans,

218 1261 361 1345 Respuit
384 1264 589 1343 etdamuat,
614 1263 704 1346 quod
728 1263 826 1328 modo
850 1262 958 1327 nescit
981 1260 1083 1325 iners.

169 1368 212 1431 Ut
236 1367 343 1433 discas
367 1368 467 1450 igitur
491 1389 601 1460 mores
625 1389 699 1433 cum
724 1388 804 1434 voce
828 1368 959 1449 Latina,

85 1474 143 1550 30)
213 1473 346 1551 Hortor,
372 1477 403 1539 et
428 1474 596 1557 eloquium
621 1494 697 1539 cum
720 1474 888 1558 probitate
912 1474 1010 1538 colas·

167 1579 277 1661 Atque
301 1580 356 1663 pio
380 1583 491 1663 grates
515 1582 641 1646 auctori
666 1581 789 1645 codicis
814 1581 912 1645 buius

218 1687 359 1770 Semper
382 1707 471 1769 agaS,
495 1689 583 1752 recte
607 1687 666 1770 qui
689 1687 751 1752 tibi
776 1687 1058 1772 consuluit'ssst.
1072 1688 1150 1771 †††.

174 1932 216 1997 C:

106 1934 154 2122 Iri
177 2053 364 2124 Mallardi
386 2054 566 2124 omnium
587 2055 802 2124 sciolorum
824 2054 1138 2143 arrogantissimi

190 2179 339 2249 tastum
361 2180 524 2250 Ioannis
546 2180 761 2250 Murmellii
782 2180 1047 2269 Epigramma.

112 2325 146 2407 1)
168 2323 349 2415 Mallardus
374 2322 514 2388 nimium
536 2344 652 2388 versus
676 2326 803 2389 eructat
826 2323 959 2407 ineptos

221 2430 427 2513 Conserique
450 2431 539 2496 bona
563 2451 642 2495 voce
667 2433 765 2513 poeta
788 2431 890 2514 cupit.

167 2536 346 2600 Mallardus
372 2537 469 2618 rulgo
493 2537 605 2600 studet
627 2537 711 2601 atter
735 2537 893 2600 Erasmus
917 2535 1044 2613 haberi,

220 2643 264 2706 At
288 2643 379 2707 rudis
403 2645 567 2724 ingenuae
592 2644 638 2707 nil
662 2646 753 2707 tenet
777 2642 859 2706 artis
883 2644 990 2707 homo,

108 2750 144 2831 5)
168 2749 348 2814 Mallardus
372 2750 465 2814 falsis
489 2751 661 2832 praeclara
685 2770 745 2832 per
768 2750 893 2833 oppida
916 2748 1040 2814 olrartis

220 2857 374 2938 Vulgarit
398 2877 501 2939 nugas
525 2858 776 2939 improbiorque
802 2856 919 2937 Lycus.

170 2962 337 3027 Fallendis
361 2965 474 3045 pueris
498 2964 672 3028 mendacia
695 2962 790 3026 finxit
815 2965 958 3044 uterque

220 3069 407 3135 iniucunda
430 3070 512 3135 mibi
536 3070 758 3153 Caesarioque
783 3069 894 3150 meo,¹)

170 3177 278 3253 Quem
303 3177 447 3242 laudabo
472 3177 589 3255 tibens,
614 3179 693 3242 dum
718 3177 836 3241 viram.
863 3178 993 3258 Spurca
1009 3175 1153 3240 facessat

88 3283 145 3366 10)
213 3283 361 3348 Invidiae
386 3284 497 3348 rabies
521 3286 554 3347 et
578 3285 797 3367 Phlegetonta
820 3285 923 3364 petat.

168 3389 348 3453 Mallardus
372 3391 474 3455 stulte
498 3410 551 3455 me
574 3391 731 3455 laudibus
756 3393 874 3456 extulit
898 3390 990 3469 olim,

218 3494 315 3559 Nune
339 3497 464 3562 lacerat
488 3516 600 3561 morsu
625 3497 761 3562 stultius
786 3498 858 3581 ipse
883 3516 953 3561 suo.

168 3601 317 3666 Maltardi
343 3602 459 3666 laudes
483 3602 574 3668 iuxta
597 3623 635 3668 ac
660 3604 809 3669 convicia
833 3623 922 3683 curn,

221 3707 364 3778 Garriat,
389 3709 541 3773 oblatret.
566 3710 718 3791 ganniat:
743 3731 830 3775 unus
855 3730 922 3774 ero.

90 3814 143 3892 15)
168 3813 267 3878 Exuit
291 3814 406 3880 attrita
430 3817 599 3898 quondam
624 3818 679 3898 qui
704 3817 812 3882 fronte
838 3816 1016 3895 cucullum,

219 3921 398 3986 Mallardus
423 3942 556 4004 semper
579 3924 839 3988 blattarebar·d·rs
865 3924 938 3988 erit.

167 4029 362 4093 Mallardum
387 4029 507 4094 infreni
531 4031 723 4095 collaudant
747 4051 834 4095 unus
860 4035 893 4094 et
917 4031 1000 4093 atter

220 4135 286 4199 Ore
310 4137 510 4213 sacerdotes,
535 4136 592 4217 qui
618 4137 701 4200 nihil
726 4137 807 4200 artis
830 4137 966 4201 habent.

168 4238 223 4304 Sic
246 4240 339 4305 Barii
364 4245 478 4322 mater,
503 4242 643 4324 genitrix
666 4243 715 4307 sio
738 4243 892 4318 improba
915 4240 1020 4306 Maeni

87 4346 146 4431 20)
213 4346 351 4414 Iurabat
374 4350 453 4414 nato
476 4348 524 4413 nil
547 4349 641 4431 prius
665 4369 738 4414 esse
763 4347 864 4434 suo.²)
