2632 4718
554 678 777 746 ..51-

237 861 387 927 Virtutes
411 861 593 943 quaerunt,
616 879 683 924 non
706 858 855 942 peritura
878 859 1008 943 parant.

125 972 167 1034 15
194 970 287 1048 Quos
311 969 401 1034 iuter
424 968 544 1033 merito
568 970 723 1032 numerat
746 969 780 1031 te
803 967 909 1046 Musa,
934 964 1109 1041 Timarum,

241 1075 355 1140 Gloria
377 1073 564 1154 Teutonici,
589 1075 686 1138 docte
709 1072 886 1145 Timanne,
911 1073 985 1151 soli,

194 1182 261 1259 Qui
285 1181 392 1246 solida
415 1182 585 1245 errantem
608 1180 794 1244 moderaris
818 1179 889 1258 lege
913 1179 1093 1253 iuventam,

242 1287 457 1370 Praecipiens
480 1288 571 1350 recte
594 1285 713 1362 virere,
738 1286 801 1350 rite
826 1285 928 1367 loqui.

195 1394 342 1458 Sedulus
365 1393 529 1476 ingenuas
550 1411 674 1476 pueros
698 1390 846 1457 hortaris
870 1392 913 1455 ad
936 1395 1025 1456 artes

129 1504 178 1565 20
248 1500 289 1564 Et
313 1499 465 1582 sophiam
491 1518 621 1563 summo
644 1499 734 1580 cogis
757 1517 871 1563 amore
894 1499 999 1580 sequi.

198 1606 293 1684 Quae
316 1605 408 1686 mihi,
431 1605 458 1669 si
475 1607 610 1669 centum
634 1604 813 1669 dissolvam
837 1603 872 1668 in
891 1605 1037 1669 earrnina
1061 1605 1199 1685 linguas,

242 1710 395 1794 Amplior
418 1710 605 1776 innumeris
628 1711 781 1776 versibus
805 1730 872 1775 una
895 1710 988 1775 foret.

198 1818 340 1884 Audebo
363 1822 476 1883 tamen
500 1820 533 1882 et
556 1835 680 1901 paucas
703 1816 931 1899 perstringere
954 1817 1080 1893 laudes,

243 1925 360 1990 Rebus
383 1923 419 1988 in
443 1924 582 1989 excelsis
606 1927 657 1988 est
680 1923 760 1987 mihi
783 1923 869 1987 velle
892 1923 983 1988 satis.

123 2033 170 2095 ‘25
196 2030 334 2114 Optima
357 2032 424 2095 dux
446 2029 548 2110 ritae,
572 2029 748 2112 sapientia,
774 2029 885 2094 lucida
908 2030 1009 2111 virgo,

241 2137 339 2203 Clara
362 2137 454 2201 Jovis
477 2137 621 2211 suboles,
645 2136 773 2201 incluta
795 2135 901 2201 forma
925 2137 988 2212 dei,

197 2244 247 2307 'l'e
271 2243 353 2308 nihil
376 2263 396 2308 a
419 2243 511 2308 coelo
535 2242 667 2307 miseris
690 2242 886 2308 mortalibus
912 2262 1058 2324 unquam

246 2349 365 2415 Carius
391 2349 574 2415 exhibitum
599 2349 785 2416 nobiliusve
809 2350 933 2413 datum.

198 2455 261 2519 Est
283 2455 345 2520 tibi
369 2455 543 2536 virginitas
566 2456 659 2520 nullo
683 2455 841 2520 vitiabilis
864 2476 964 2534 aer03

72 2584 77 2589 ·
126 2565 174 2628 30
243 2562 403 2640 Quamvis
427 2562 506 2642 ieta,
528 2565 641 2627 tamen
665 2562 824 2627 inviolata
845 2583 972 2663 manes.

197 2667 354 2734 Extrabis
377 2669 542 2735 humanos
566 2689 696 2734 errores
720 2668 873 2750 stirpitus
898 2689 1024 2744 omues,

242 2776 410 2841 Virtutem
434 2775 611 2859 ingeneras
634 2778 669 2840 et
692 2776 801 2840 scelus
825 2796 923 2839 omne
948 2775 1049 2855 fugas.

198 2882 344 2946 irradias
367 2901 496 2948 sacram
519 2883 652 2965 purgati
677 2882 822 2964 pectoris
847 2885 963 2946 aedom

260 2988 302 3052 Et
327 2988 409 3053 lacis
432 2988 467 3052 in
492 2989 599 3054 celsos
623 3009 679 3054 cor
702 2992 881 3072 penetrare
905 2989 1010 3069 polos.

129 3095 173 3159 35
198 3093 365 3160 Fortunae
390 3094 560 3171 domitrix,
585 3098 694 3159 certae
717 3097 771 3159 ria
793 3096 901 3178 prima
925 3096 1050 3167 salutis,

243 3200 337 3278 Quae
363 3202 461 3282 potes
486 3202 631 3266 bumana
655 3203 811 3266 claudere
836 3205 947 3264 ruente
973 3203 1082 3275 deum,

198 3306 246 3370 'le
269 3307 341 3372 siue
365 3307 456 3390 quid,
480 3327 616 3389 quaeso,
641 3309 791 3372 mortalis
817 3310 885 3373 rita
909 3308 1057 3371 valeret?

242 3412 330 3490 Quid
354 3413 482 3478 sinete
506 3418 658 3480 nostrum
682 3418 795 3496 posset
819 3414 943 3478 baben¹
969 3416 1099 3496 genus?

68 3602 74 3613 ι
197 3518 249 3582 Tu
273 3519 433 3601 peperisti
456 3522 567 3595 urbes,
592 3541 727 3603 sparsos
752 3523 788 3584 tu
813 3541 904 3585 more
930 3521 1075 3584 serarum

128 3626 176 3688 40
242 3625 454 3691 Coniunxisti
477 3627 640 3708 homiues,
664 3627 699 3690 in
724 3648 809 3692 nora
833 3629 905 3692 iura
928 3647 1062 3690 vocans.

199 3730 268 3795 Hos
291 3731 438 3813 primum
461 3732 627 3809 domibus
652 3754 728 3797 mox
753 3733 916 3816 corriugiis
940 3732 1084 3809 sociasti,

241 3839 384 3903 Vocibus
409 3842 443 3903 et
466 3839 593 3904 tabulis
618 3843 735 3921 postea
759 3839 952 3903 conciliaus.

198 3942 366 4008 lurentrix
390 3944 500 4026 legum
525 3964 723 4028 morumque
748 3946 907 4027 magistra
930 3946 1033 4023 luisti,

242 4050 318 4115 lure
342 4050 441 4132 igitur
464 4072 632 4116 summum
657 4054 792 4117 culrnen
817 4053 952 4116 honoris
979 4052 1092 4115 babes.

127 4154 172 4219 45
196 4154 251 4220 Vis
274 4155 334 4219 tibi
358 4159 496 4222 naturae
521 4161 657 4222 suntet
681 4159 837 4239 mysteria
862 4159 949 4227 nota,

243 4262 363 4327 Perria
386 4268 464 4328 sunt
488 4264 591 4329 oculis
616 4266 676 4329 iuti
687 4286 741 4329 rna
764 4284 916 4345 quaeque
940 4263 1014 4327 tuis.

980 4368 1028 4433 4*
