2632 4718
552 734 769 797 ..37-

648 928 682 992 L.

126 1069 190 1137 Ex
206 1067 501 1137 commentariis
518 1067 698 1136 eiusdem
720 1067 763 1135 in
783 1067 977 1153 hymnum
991 1066 1196 1137 heroicum

325 1174 379 1244 ad
402 1173 698 1244 sanctissimam
721 1173 966 1243 Trinitatem.
977 1176 1003 1259 ¹)

335 1335 442 1399 Fuere
466 1337 579 1398 autem
603 1334 713 1413 multi,
739 1334 796 1416 qui
821 1354 873 1398 ros
898 1335 1027 1398 divinas
1051 1335 1197 1399 carmine

242 1440 411 1524 prosecuti
435 1444 523 1503 sunt.
564 1441 612 1504 Ex
637 1440 772 1505 Graecis
796 1443 928 1522 practer
952 1441 1093 1518 hymnos
1117 1441 1196 1505 Dio-

242 1547 338 1628 nysii,
361 1566 445 1629 quos
469 1547 511 1611 ab
535 1565 574 1610 eo
598 1547 707 1610 editos
730 1547 864 1622 scimus,
889 1547 948 1610 sed
971 1566 1116 1629 quonam
1140 1566 1197 1628 ge-

242 1673 321 1716 nere
345 1653 481 1716 minime
502 1653 666 1732 norimus
695 1655 789 1716 sunl:
818 1652 995 1732 Gregorius
1018 1652 1195 1716 Nazianze-

176 1763 195 1823 5
244 1778 322 1835 nus,
358 1759 454 1823 cuius
494 1762 527 1822 et
561 1778 662 1841 prosa
700 1762 733 1823 et
768 1760 915 1822 carmine
954 1758 1059 1821 mulla
1093 1778 1196 1839 opera

246 1866 414 1946 leguntur,
430 1865 572 1929 Nonnus
589 1864 861 1947 Panopolilanus,
885 1864 942 1946 qui
966 1863 1195 1946 paraphrasim

240 1973 275 2034 in
292 1971 505 2053 Evangelium
521 1970 659 2036 Joannis
680 1971 827 2035 carmine
844 1970 1032 2053 composuit
1053 1970 1194 2035 heroico.

240 2077 496 2159 Amphilochius
519 2077 662 2156 iambos,
693 2077 896 2159 Apollinaris
919 2075 1042 2140 Juliani
1065 2080 1196 2159 tempo-

243 2182 335 2248 ribus
359 2187 452 2263 gesta
477 2183 707 2247 Hebraeorum
731 2182 863 2246 heroico
889 2202 986 2246 versu
1010 2183 1045 2244 in
1070 2180 1194 2246 Juliani

155 2293 196 2354 10
242 2287 401 2354 invidiam
425 2291 584 2370 quattuor
614 2291 646 2352 el
669 2287 785 2370 viginti
811 2289 904 2352 libris
927 2288 1120 2368 complexus
1145 2291 1195 2351 est

241 2397 376 2459 auctore
394 2395 577 2459 Sozomeno
601 2397 635 2458 et
659 2398 833 2476 praeterea
856 2395 1043 2458 comoedias
1060 2394 1196 2457 Menan-

240 2500 291 2564 dri
315 2503 347 2564 et
372 2501 475 2582 lyram
493 2499 631 2564 Pindari
648 2499 836 2564 felicissime
861 2501 981 2564 deinde
997 2499 1194 2563 aemulatus.

241 2607 432 2689 Stephanus
460 2605 540 2670 ilem
570 2606 611 2669 de
641 2605 765 2669 Christi
800 2605 950 2669 cruciatu
979 2605 1195 2687 tragoediam.

240 2712 439 2777 Ambrosius
474 2717 647 2793 praelerea
682 2713 943 2789 Alexandrinus
976 2710 1195 2793 Sophronius,

155 2822 193 2884 15
241 2819 386 2883 loannes
433 2820 674 2898 Damascenus,
721 2817 957 2881 Christodorus
1003 2817 1195 2893 Thebanus

241 2923 425 3006 Aegnatius
450 2923 857 3007 Constantinopolitanus,
894 2923 1098 3000 lllethodius,
1137 2923 1195 3003 qui

243 3029 418 3112 Porphyrii
442 3050 570 3094 errore2
595 3032 700 3093 metro
726 3028 893 3111 redarguit
917 3028 1021 3093 etalii
1047 3048 1113 3093 non
1137 3048 1196 3110 pa-

243 3156 316 3200 rum
348 3136 445 3199 multi
481 3135 515 3199 in
547 3136 636 3200 omni
673 3134 857 3199 carminum
888 3154 1008 3216 genere
1036 3133 1195 3198 celebres.

242 3241 360 3306 Latine
384 3245 496 3306 aulem
520 3242 711 3305 cecinerunt
732 3242 910 3319 iuvencus,
928 3239 1094 3319 SedulinS,
1112 3239 1194 3303 Ara-

156 3350 200 3413 20
244 3351 310 3426 tor,
346 3347 565 3427 PrudenlinS,
601 3346 809 3423 Lactantius,
846 3347 1018 3423 Paulinus,
1053 3365 1196 3426 quorum

243 3454 318 3518 libri
336 3452 508 3517 notissimi.
541 3453 764 3532 Hieronymus
782 3454 882 3517 etiam
906 3451 1076 3535 epitaphia
1093 3471 1196 3533 quae·

242 3560 319 3624 dam
348 3563 381 3623 et
412 3561 452 3623 de
483 3559 644 3624 Psalterio
674 3560 883 3622 hexametros
914 3578 1047 3640 quoque
1077 3577 1195 3621 versus

242 3667 421 3746 concinuit,
446 3666 593 3730 Hilarius
611 3665 828 3731 Pictariensis
853 3666 1050 3747 hymnorum
1074 3663 1195 3728 librum

243 3775 380 3837 auctore
398 3771 599 3853 Hieronymo
624 3775 657 3835 et
681 3790 821 3853 magnus
837 3769 1032 3835 Ambrosius
1056 3770 1195 3850 hymnos

242 3899 375 3961 quoque
407 3878 526 3961 lyricos
556 3878 668 3942 edidit.
715 3877 894 3942 Severinus
923 3877 1002 3941 item
1032 3875 1195 3940 Boethius

242 3985 277 4049 in
295 3986 522 4051 consolatione
538 3983 769 4068 philosophiae
794 3984 884 4048 varia
899 3983 1047 4047 carmina
1063 3979 1194 4045 cecinit.

244 4094 421 4157 Praetereo
446 4094 640 4171 Damasum,
665 4091 868 4167 Liceniium,
892 4089 1034 4168 Bedam,
1059 4087 1195 4152 Rhaba-

242 4219 338 4280 num,
371 4199 612 4280 Hydalbertum
637 4198 923 4262 Cenomanensem
952 4196 987 4258 et
1017 4192 1100 4258 alios
1128 4210 1196 4257 non

242 4325 360 4387 parum
379 4307 499 4369 multos
517 4310 572 4387 (ne
589 4305 774 4384 catalogum
791 4301 988 4382 conficiam),
1005 4298 1063 4382 qui
1079 4317 1195 4362 omnes
