2632 4718
593 692 811 765 -32-

238 878 326 943 Nata
349 879 461 942 Venus
486 897 605 961 spurco
630 877 757 962 Coeli2)
782 878 822 943 de
846 878 1006 960 sanguine
1030 878 1145 956 fertur,

286 985 415 1049 Gaudet
439 984 529 1047 enim
552 983 626 1048 suso
650 1004 748 1048 saera
771 1004 887 1048 cruore
912 985 982 1049 dea.

239 1091 347 1167 Quam
371 1090 465 1163 bene,
491 1109 590 1172 quam
616 1090 725 1172 lepide
750 1090 889 1154 Vulcani
912 1088 1047 1172 fingitur
1071 1093 1170 1156 uxor!

283 1196 368 1260 Tota
394 1195 530 1278 quidem
554 1197 646 1260 furor
670 1199 729 1271 est,
754 1195 850 1276 ignea
873 1199 944 1261 tota
967 1198 1090 1261 Venus

173 1304 214 1366 ‘25
239 1301 349 1366 Huius
373 1301 416 1366 ab
440 1299 611 1366 immundo
635 1303 805 1366 fluxerunt
828 1305 996 1384 spermate
1020 1302 1089 1366 nati

284 1409 383 1472 Dirus
406 1407 519 1484 Amor,
543 1408 699 1491 petulans
723 1407 916 1490 garrulitate
941 1408 1041 1484 iocus

240 1513 445 1579 Garrutitate
468 1513 560 1578 iocus
584 1514 684 1578 limen
709 1533 770 1595 pro
794 1513 902 1578 iratre-
921 1514 1097 1578 recludens

285 1621 328 1684 Et
352 1620 468 1703 procul
492 1640 511 1684 a
535 1619 643 1683 fronte
667 1620 813 1684 claustro
836 1619 973 1703 pudoris
997 1640 1109 1700 agens.

240 1727 304 1790 Hic
330 1727 387 1789 ubi
411 1725 571 1791 formosas
595 1725 705 1806 coepit
730 1728 861 1790 tentare
885 1726 1023 1808 puellas,

173 1834 216 1899 30
285 1833 372 1896 Ante
397 1831 485 1896 diem
510 1831 609 1914 periit
633 1831 832 1914 virginitatis
856 1832 971 1896 honor.

240 1938 328 2002 Cura
351 1938 533 2019 pudicitiae
557 1941 673 2001 tenero
698 1939 738 2000 de
762 1941 897 2019 pectore
922 1937 1030 2011 cessit,

285 2042 466 2108 Transtixit
491 2043 607 2108 iaculis
632 2043 732 2109 corda
756 2044 887 2125 Cupido
911 2044 991 2108 suis.

244 2152 361 2232 Magna
384 2149 446 2213 suit
471 2153 632 2224 veterum,
657 2150 737 2212 mihi
763 2150 871 2221 crede,
895 2149 1012 2232 peritia
1038 2154 1160 2221 ratum,

286 2255 436 2321 Praemia
460 2256 516 2337 qui
542 2255 662 2319 studiis
686 2255 786 2335 digua
813 2256 920 2319 tulere
945 2256 1024 2319 suis.

175 2365 216 2428 35
242 2363 360 2426 Nudus
384 2363 426 2426 ab
450 2361 502 2425 his
528 2363 641 2436 sertor,
665 2365 811 2443 permoto
835 2381 983 2443 corpore,
1008 2381 1124 2425 caecus

285 2468 369 2532 Cum
394 2469 589 2549 facibusque
612 2487 696 2548 puer
720 2469 787 2531 tela
812 2467 956 2531 minatur
980 2467 1092 2531 Amor.

155 2593 157 2596 ⁴
242 2575 339 2652 Quod
363 2593 486 2656 pueros
511 2573 603 2645 fallit,
628 2592 768 2654 puerum
795 2574 906 2636 dixere
931 2577 1060 2654 poetae,

285 2681 345 2744 Vei
368 2679 447 2762 quia
470 2679 546 2762 plus
570 2698 676 2761 puero
701 2699 766 2742 non
791 2679 877 2761 sapit
901 2677 989 2742 ultus
1014 2699 1138 2743 amans,

244 2786 425 2850 Finxeruut
451 2786 587 2858 nudum,
612 2788 746 2869 captum
771 2785 861 2866 quod
884 2785 1046 2848 honestus
1070 2805 1181 2848 aurore

174 2895 218 2958 40
287 2892 441 2956 Deseruit
465 2890 595 2972 fugiens
619 2891 836 2973 destituitque
861 2892 978 2973 pudor.

243 2999 319 3062 Non
342 2997 515 3061 hominum
539 2997 628 3078 leges
653 3017 713 3060 uec
736 2997 806 3061 iura
831 2999 988 3061 verentur
1013 3000 1172 3069 ornantes,

288 3104 364 3168 Non
388 3105 538 3167 metuunt
565 3104 675 3186 superi
701 3105 833 3184 sceptra
858 3102 1006 3167 timenda
1031 3103 1093 3165 dei.

242 3211 348 3289 Quam
373 3209 456 3274 scite
481 3209 636 3273 miseram
660 3208 806 3290 praefert
837 3209 908 3272 sine
933 3209 1059 3273 lumine
1085 3211 1239 3285 frontem,

287 3317 442 3380 Mortales
466 3316 570 3378 ocutis
595 3335 739 3397 namque
763 3315 894 3396 Cupido
919 3315 1016 3397 capit.

176 3425 219 3487 45
245 3423 364 3487 Nullus
389 3441 504 3485 amans
528 3441 631 3502 pravo
656 3425 781 3484 rectum
807 3422 995 3484 discernere
1022 3422 1122 3487 norit.

287 3531 330 3593 Se
355 3529 559 3592 desumatum
582 3546 648 3589 non
672 3527 761 3591 ridet
789 3528 874 3590 ullus
891 3548 1016 3591 amans.

245 3634 406 3717 Gnosiai)
430 3634 626 3714 contorquet
651 3636 785 3696 curraio
810 3632 940 3715 spicula
966 3654 1070 3696 cornu

289 3741 329 3803 Et
353 3741 480 3804 facibus
504 3739 596 3801 cordi
621 3739 742 3802 ruluus
765 3738 868 3802 inurit
893 3739 1005 3803 Aruer.

244 3847 365 3911 Saucia
389 3866 482 3909 mens
506 3845 678 3908 hominum
695 3847 840 3925 tlagruns
865 3849 896 3908 et
911 3866 1042 3926 semper
1059 3847 1241 3920 mirantum,

178 3956 222 4017 50
289 3953 437 4033 Tateque
463 3949 680 4034 Paeoniamt)
703 3952 823 4014 vulnus
848 3952 1007 4015 abhorret
1030 3969 1139 4031 opem.

246 4060 315 4123 Nec
340 4060 463 4123 frustra
488 4058 571 4120 deus
594 4057 647 4120 hic
672 4057 818 4122 ventosis
843 4057 990 4139 pingitur
1014 4057 1085 4127 alis.

290 4166 374 4228 Nam
402 4164 543 4227 roiitaus
567 4166 657 4227 certo
683 4183 748 4226 uon
775 4166 883 4225 manet
910 4183 1015 4244 usque
1040 4163 1122 4226 loro.

247 4273 344 4336 Nune
368 4271 442 4349 hue,
466 4289 555 4333 nunc
578 4269 655 4333 illuc
680 4269 787 4350 agitur
811 4270 1000 4351 transitque
1025 4269 1185 4350 reditque,
