<?xml version="1.0" encoding="UTF-8"?>
<!DOCTYPE html PUBLIC "-//W3C//DTD XHTML 1.0 Transitional//EN"
    "http://www.w3.org/TR/xhtml1/DTD/xhtml1-transitional.dtd">
<html xmlns="http://www.w3.org/1999/xhtml" xml:lang="en" lang="en">
 <head>
  <title>
</title>
<meta http-equiv="Content-Type" content="text/html;charset=utf-8" />
  <meta name='ocr-system' content='tesseract 3.04.00' />
  <meta name='ocr-capabilities' content='ocr_page ocr_carea ocr_par ocr_line ocrx_word'/>
</head>
<body>
  <div class='ocr_page' id='page_1' title='image "./ausgewhltewerke00bmgoog_0178.png"; bbox 0 0 2632 4718; ppageno 0'>
   <div class='ocr_carea' id='block_1_1' title="bbox 369 707 716 784">
    <p class='ocr_par' dir='ltr' id='par_1_1' title="bbox 369 707 716 784">
     <span class='ocr_line' id='line_1_1' title="bbox 369 707 716 784; baseline -0.017 -12"><span class='ocrx_word' id='word_1_1' title='bbox 369 707 716 784; x_wconf 78' lang='lat'>..-33..</span> 
     </span>
    </p>
   </div>
   <div class='ocr_carea' id='block_1_2' title="bbox 73 894 1040 1298">
    <p class='ocr_par' dir='ltr' id='par_1_2' title="bbox 186 894 940 978">
     <span class='ocr_line' id='line_1_2' title="bbox 186 894 940 978; baseline -0.001 -19"><span class='ocrx_word' id='word_1_2' title='bbox 186 896 277 974; x_wconf 89' lang='lat' dir='ltr'>Quos</span> <span class='ocrx_word' id='word_1_3' title='bbox 301 896 397 978; x_wconf 80' lang='lat' dir='ltr'>capit,</span> <span class='ocrx_word' id='word_1_4' title='bbox 422 916 559 960; x_wconf 90' lang='lat' dir='ltr'>errones</span> <span class='ocrx_word' id='word_1_5' title='bbox 582 894 683 960; x_wconf 81' lang='lat' dir='ltr'>eflicit</span> <span class='ocrx_word' id='word_1_6' title='bbox 707 897 807 977; x_wconf 88' lang='lat' dir='ltr'>atque</span> <span class='ocrx_word' id='word_1_7' title='bbox 831 915 940 978; x_wconf 80' lang='lat' dir='ltr'>vagos.</span> 
     </span>
    </p>

    <p class='ocr_par' dir='ltr' id='par_1_3' title="bbox 73 1001 1040 1298">
     <span class='ocr_line' id='line_1_3' title="bbox 73 1001 1040 1084; baseline -0.004 -16"><span class='ocrx_word' id='word_1_8' title='bbox 73 1005 116 1068; x_wconf 84' lang='lat'>55</span> <span class='ocrx_word' id='word_1_9' title='bbox 143 1004 215 1068; x_wconf 91' lang='lat' dir='ltr'>Hoc</span> <span class='ocrx_word' id='word_1_10' title='bbox 238 1005 374 1068; x_wconf 86' lang='lat' dir='ltr'>auctore</span> <span class='ocrx_word' id='word_1_11' title='bbox 397 1001 489 1084; x_wconf 82' lang='lat' dir='ltr'>gravi</span> <span class='ocrx_word' id='word_1_12' title='bbox 514 1001 706 1067; x_wconf 88' lang='lat' dir='ltr'>ceciderunt</span> <span class='ocrx_word' id='word_1_13' title='bbox 729 1003 891 1083; x_wconf 84' lang='lat' dir='ltr'>Pergama</span> <span class='ocrx_word' id='word_1_14' title='bbox 900 1001 928 1084; x_wconf 74' lang='grc'>5)</span> <span class='ocrx_word' id='word_1_15' title='bbox 952 1021 1040 1078; x_wconf 88' lang='lat' dir='ltr'>casu,</span> 
     </span>
     <span class='ocr_line' id='line_1_4' title="bbox 188 1107 938 1189; baseline -0.004 -16"><span class='ocrx_word' id='word_1_16' title='bbox 188 1110 347 1189; x_wconf 82' lang='lat' dir='ltr'>Pergama</span> <span class='ocrx_word' id='word_1_17' title='bbox 369 1108 531 1173; x_wconf 89' lang='lat' dir='ltr'>nobilium</span> <span class='ocrx_word' id='word_1_18' title='bbox 554 1109 637 1173; x_wconf 87' lang='lat' dir='ltr'>llore</span> <span class='ocrx_word' id='word_1_19' title='bbox 661 1107 782 1172; x_wconf 85' lang='lat' dir='ltr'>referta</span> <span class='ocrx_word' id='word_1_20' title='bbox 806 1108 938 1171; x_wconf 89' lang='lat' dir='ltr'>ducum.</span> 
     </span>
     <span class='ocr_line' id='line_1_5' title="bbox 142 1212 960 1298; baseline -0.005 -19"><span class='ocrx_word' id='word_1_21' title='bbox 142 1215 300 1297; x_wconf 80' lang='lat' dir='ltr'><strong>Improba</strong></span> <span class='ocrx_word' id='word_1_22' title='bbox 322 1212 511 1296; x_wconf 85' lang='lat' dir='ltr'>pentapolis</span> <span class='ocrx_word' id='word_1_23' title='bbox 520 1214 549 1298; x_wconf 76' lang='grc'>6)</span> <span class='ocrx_word' id='word_1_24' title='bbox 573 1214 708 1279; x_wconf 87' lang='lat' dir='ltr'>coelesti</span> <span class='ocrx_word' id='word_1_25' title='bbox 733 1213 858 1277; x_wconf 86' lang='lat' dir='ltr'>corruit</span> <span class='ocrx_word' id='word_1_26' title='bbox 882 1212 960 1294; x_wconf 83' lang='lat' dir='ltr'>igni,</span> 
     </span>
    </p>
   </div>
   <div class='ocr_carea' id='block_1_3' title="bbox 72 1319 1142 4269">
    <p class='ocr_par' dir='ltr' id='par_1_4' title="bbox 72 1319 1140 2250">
     <span class='ocr_line' id='line_1_6' title="bbox 186 1319 851 1403; baseline -0.005 -19"><span class='ocrx_word' id='word_1_27' title='bbox 186 1321 354 1403; x_wconf 85' lang='lat' dir='ltr'>Exitiique</span> <span class='ocrx_word' id='word_1_28' title='bbox 379 1321 504 1385; x_wconf 89' lang='lat' dir='ltr'>subans</span> <span class='ocrx_word' id='word_1_29' title='bbox 528 1340 629 1385; x_wconf 89' lang='lat' dir='ltr'>causa</span> <span class='ocrx_word' id='word_1_30' title='bbox 652 1319 755 1384; x_wconf 91' lang='lat' dir='ltr'>libido</span> <span class='ocrx_word' id='word_1_31' title='bbox 779 1321 851 1384; x_wconf 84' lang='lat' dir='ltr'>tuit.</span> 
     </span>
     <span class='ocr_line' id='line_1_7' title="bbox 141 1425 928 1508; baseline -0.004 -18"><span class='ocrx_word' id='word_1_32' title='bbox 141 1427 252 1491; x_wconf 88' lang='lat' dir='ltr'>Aurea</span> <span class='ocrx_word' id='word_1_33' title='bbox 275 1427 489 1492; x_wconf 85' lang='lat' dir='ltr'>Thessalicae</span> <span class='ocrx_word' id='word_1_34' title='bbox 512 1427 677 1490; x_wconf 81' lang='lat' dir='ltr'>concessit</span> <span class='ocrx_word' id='word_1_35' title='bbox 699 1427 822 1490; x_wconf 84' lang='lat' dir='ltr'>vellera</span> <span class='ocrx_word' id='word_1_36' title='bbox 845 1425 928 1508; x_wconf 91' lang='lat' dir='ltr'>pubi</span> 
     </span>
     <span class='ocr_line' id='line_1_8' title="bbox 73 1529 892 1616; baseline -0.004 -18"><span class='ocrx_word' id='word_1_37' title='bbox 73 1535 118 1598; x_wconf 81' lang='lat'>60</span> <span class='ocrx_word' id='word_1_38' title='bbox 187 1533 286 1615; x_wconf 75' lang='lat' dir='ltr'>rugit</span> <span class='ocrx_word' id='word_1_39' title='bbox 309 1535 343 1596; x_wconf 85' lang='lat' dir='ltr'>et</span> <span class='ocrx_word' id='word_1_40' title='bbox 366 1532 476 1602; x_wconf 88' lang='lat' dir='ltr'>occiso</span> <span class='ocrx_word' id='word_1_41' title='bbox 500 1529 603 1616; x_wconf 80' lang='lat' dir='ltr'>tilia7)</span> <span class='ocrx_word' id='word_1_42' title='bbox 626 1534 729 1597; x_wconf 84' lang='lat' dir='ltr'>tratre</span> <span class='ocrx_word' id='word_1_43' title='bbox 752 1534 892 1614; x_wconf 89' lang='lat' dir='ltr'>patrem.</span> 
     </span>
     <span class='ocr_line' id='line_1_9' title="bbox 142 1637 1140 1720; baseline -0.002 -17"><span class='ocrx_word' id='word_1_44' title='bbox 142 1639 342 1716; x_wconf 88' lang='lat' dir='ltr'>Quinetiam</span> <span class='ocrx_word' id='word_1_45' title='bbox 355 1641 450 1702; x_wconf 92' lang='lat' dir='ltr'>natos</span> <span class='ocrx_word' id='word_1_46' title='bbox 463 1676 494 1684; x_wconf 95' lang='lat'><em>-</em></span> <span class='ocrx_word' id='word_1_47' title='bbox 507 1638 588 1720; x_wconf 92' lang='lat' dir='ltr'>quid</span> <span class='ocrx_word' id='word_1_48' title='bbox 601 1657 678 1711; x_wconf 84' lang='lat' dir='ltr'>non,</span> <span class='ocrx_word' id='word_1_49' title='bbox 687 1637 790 1701; x_wconf 85' lang='lat' dir='ltr'>Amor</span> <span class='ocrx_word' id='word_1_50' title='bbox 804 1637 964 1720; x_wconf 87' lang='lat' dir='ltr'>improbe,</span> <span class='ocrx_word' id='word_1_51' title='bbox 977 1637 1089 1720; x_wconf 78' lang='lat' dir='ltr'>cogis?</span> <span class='ocrx_word' id='word_1_52' title='bbox 1099 1673 1140 1684; x_wconf 88' lang='lat'>-</span> 
     </span>
     <span class='ocr_line' id='line_1_10' title="bbox 187 1742 899 1826; baseline -0.003 -17"><span class='ocrx_word' id='word_1_53' title='bbox 187 1745 333 1810; x_wconf 79' lang='lat' dir='ltr'>Perdidit</span> <span class='ocrx_word' id='word_1_54' title='bbox 357 1744 497 1809; x_wconf 84' lang='lat' dir='ltr'>inlidurn</span> <span class='ocrx_word' id='word_1_55' title='bbox 520 1743 666 1826; x_wconf 80' lang='lat' dir='ltr'>turpiter</span> <span class='ocrx_word' id='word_1_56' title='bbox 692 1745 760 1808; x_wconf 88' lang='lat' dir='ltr'>ulla</span> <span class='ocrx_word' id='word_1_57' title='bbox 784 1742 899 1808; x_wconf 86' lang='lat' dir='ltr'>virum.</span> 
     </span>
     <span class='ocr_line' id='line_1_11' title="bbox 143 1849 950 1934; baseline -0.004 -19"><span class='ocrx_word' id='word_1_58' title='bbox 143 1852 307 1916; x_wconf 87' lang='lat' dir='ltr'>Gnosiaco</span> <span class='ocrx_word' id='word_1_59' title='bbox 331 1850 443 1916; x_wconf 83' lang='lat' dir='ltr'>iuveni</span> <span class='ocrx_word' id='word_1_60' title='bbox 468 1851 608 1934; x_wconf 88' lang='lat' dir='ltr'>decepta</span> <span class='ocrx_word' id='word_1_61' title='bbox 632 1849 789 1932; x_wconf 90' lang='lat' dir='ltr'>cupidine</span> <span class='ocrx_word' id='word_1_62' title='bbox 814 1868 950 1930; x_wconf 85' lang='lat' dir='ltr'>regnum</span> 
     </span>
     <span class='ocr_line' id='line_1_12' title="bbox 186 1955 912 2041; baseline -0.006 -19"><span class='ocrx_word' id='word_1_63' title='bbox 186 1958 333 2041; x_wconf 75' lang='lat' dir='ltr'>epatre</span> <span class='ocrx_word' id='word_1_64' title='bbox 357 1957 467 2038; x_wconf 83' lang='lat' dir='ltr'>Scylla</span> <span class='ocrx_word' id='word_1_65' title='bbox 476 1955 504 2041; x_wconf 87' lang='lat'>8)</span> <span class='ocrx_word' id='word_1_66' title='bbox 528 1975 587 2020; x_wconf 91' lang='lat' dir='ltr'>suo</span> <span class='ocrx_word' id='word_1_67' title='bbox 612 1955 800 2038; x_wconf 86' lang='lat' dir='ltr'>proditione</span> <span class='ocrx_word' id='word_1_68' title='bbox 825 1955 912 2020; x_wconf 87' lang='lat' dir='ltr'>tulit.</span> 
     </span>
     <span class='ocr_line' id='line_1_13' title="bbox 72 2061 961 2146; baseline -0.004 -18"><span class='ocrx_word' id='word_1_69' title='bbox 72 2067 117 2129; x_wconf 79' lang='lat'>65</span> <span class='ocrx_word' id='word_1_70' title='bbox 142 2063 301 2146; x_wconf 84' lang='lat' dir='ltr'>Aequora</span> <span class='ocrx_word' id='word_1_71' title='bbox 324 2061 514 2146; x_wconf 80' lang='lat' dir='ltr'>Leander⁹)</span> <span class='ocrx_word' id='word_1_72' title='bbox 539 2066 656 2127; x_wconf 86' lang='lat' dir='ltr'>suetus</span> <span class='ocrx_word' id='word_1_73' title='bbox 679 2061 823 2126; x_wconf 85' lang='lat' dir='ltr'>transire</span> <span class='ocrx_word' id='word_1_74' title='bbox 848 2062 961 2124; x_wconf 90' lang='lat' dir='ltr'>natatu</span> 
     </span>
     <span class='ocr_line' id='line_1_14' title="bbox 185 2168 898 2250; baseline -0.006 -16"><span class='ocrx_word' id='word_1_75' title='bbox 185 2170 316 2234; x_wconf 81' lang='lat' dir='ltr'>Fatales</span> <span class='ocrx_word' id='word_1_76' title='bbox 340 2169 451 2244; x_wconf 88' lang='lat' dir='ltr'>subiit,</span> <span class='ocrx_word' id='word_1_77' title='bbox 479 2188 596 2233; x_wconf 89' lang='lat' dir='ltr'>servus</span> <span class='ocrx_word' id='word_1_78' title='bbox 623 2168 766 2243; x_wconf 77' lang='lat' dir='ltr'>Amoris,</span> <span class='ocrx_word' id='word_1_79' title='bbox 784 2187 898 2250; x_wconf 86' lang='lat' dir='ltr'>aquas.</span> 
     </span>
    </p>

    <p class='ocr_par' dir='ltr' id='par_1_5' title="bbox 143 2272 1064 2571">
     <span class='ocr_line' id='line_1_15' title="bbox 144 2272 1064 2356; baseline -0.001 -18"><span class='ocrx_word' id='word_1_80' title='bbox 144 2276 231 2353; x_wconf 88' lang='lat' dir='ltr'>Quid</span> <span class='ocrx_word' id='word_1_81' title='bbox 255 2275 406 2349; x_wconf 86' lang='lat' dir='ltr'>referam,</span> <span class='ocrx_word' id='word_1_82' title='bbox 432 2274 523 2340; x_wconf 88' lang='lat' dir='ltr'>vario</span> <span class='ocrx_word' id='word_1_83' title='bbox 546 2275 671 2339; x_wconf 85' lang='lat' dir='ltr'>clarum</span> <span class='ocrx_word' id='word_1_84' title='bbox 691 2275 822 2339; x_wconf 86' lang='lat' dir='ltr'>Darida</span> <span class='ocrx_word' id='word_1_85' title='bbox 831 2272 872 2356; x_wconf 86' lang='lat'>¹⁰)</span> <span class='ocrx_word' id='word_1_86' title='bbox 896 2272 1064 2355; x_wconf 86' lang='lat' dir='ltr'>triumpho</span> 
     </span>
     <span class='ocr_line' id='line_1_16' title="bbox 187 2380 922 2464; baseline -0.003 -19"><span class='ocrx_word' id='word_1_87' title='bbox 187 2381 392 2464; x_wconf 83' lang='lat' dir='ltr'>Cyprigenae</span> <span class='ocrx_word' id='word_1_88' title='bbox 418 2382 539 2446; x_wconf 90' lang='lat' dir='ltr'>durum</span> <span class='ocrx_word' id='word_1_89' title='bbox 563 2380 762 2445; x_wconf 86' lang='lat' dir='ltr'>sustinuisse</span> <span class='ocrx_word' id='word_1_90' title='bbox 786 2380 922 2462; x_wconf 84' lang='lat' dir='ltr'>iugum?</span> 
     </span>
     <span class='ocr_line' id='line_1_17' title="bbox 143 2486 994 2571; baseline -0.004 -19"><span class='ocrx_word' id='word_1_91' title='bbox 143 2487 305 2552; x_wconf 78' lang='lat' dir='ltr'>Pacificas</span> <span class='ocrx_word' id='word_1_92' title='bbox 330 2488 540 2571; x_wconf 87' lang='lat' dir='ltr'>Salomon¹¹)</span> <span class='ocrx_word' id='word_1_93' title='bbox 564 2490 727 2551; x_wconf 87' lang='lat' dir='ltr'>nocturna</span> <span class='ocrx_word' id='word_1_94' title='bbox 751 2490 885 2550; x_wconf 85' lang='lat' dir='ltr'>coactus</span> <span class='ocrx_word' id='word_1_95' title='bbox 910 2486 994 2550; x_wconf 89' lang='lat' dir='ltr'>inire</span> 
     </span>
    </p>

    <p class='ocr_par' dir='ltr' id='par_1_6' title="bbox 73 2592 1142 4269">
     <span class='ocr_line' id='line_1_18' title="bbox 73 2592 832 2676; baseline -0.003 -18"><span class='ocrx_word' id='word_1_96' title='bbox 73 2599 117 2660; x_wconf 77' lang='lat'>70</span> <span class='ocrx_word' id='word_1_97' title='bbox 187 2593 281 2659; x_wconf 89' lang='lat' dir='ltr'>Bella</span> <span class='ocrx_word' id='word_1_98' title='bbox 305 2594 491 2676; x_wconf 88' lang='lat' dir='ltr'>Cupidineo</span> <span class='ocrx_word' id='word_1_99' title='bbox 515 2594 658 2658; x_wconf 85' lang='lat' dir='ltr'>traditur</span> <span class='ocrx_word' id='word_1_100' title='bbox 681 2592 832 2675; x_wconf 83' lang='lat' dir='ltr'>irnperio</span> 
     </span>
     <span class='ocr_line' id='line_1_19' title="bbox 144 2699 1142 2783; baseline -0.003 -19"><span class='ocrx_word' id='word_1_101' title='bbox 144 2699 526 2783; x_wconf 61' lang='lat' dir='ltr'>Amphitryoniademll)</span> <span class='ocrx_word' id='word_1_102' title='bbox 543 2699 696 2764; x_wconf 87' lang='lat' dir='ltr'>dominae</span> <span class='ocrx_word' id='word_1_103' title='bbox 721 2699 796 2781; x_wconf 90' lang='lat' dir='ltr'>quis</span> <span class='ocrx_word' id='word_1_104' title='bbox 821 2699 971 2762; x_wconf 86' lang='lat' dir='ltr'>crederet</span> <span class='ocrx_word' id='word_1_105' title='bbox 994 2717 1142 2779; x_wconf 86' lang='lat' dir='ltr'>unquam</span> 
     </span>
     <span class='ocr_line' id='line_1_20' title="bbox 187 2805 986 2890; baseline -0.003 -21"><span class='ocrx_word' id='word_1_106' title='bbox 187 2806 333 2889; x_wconf 89' lang='lat' dir='ltr'>Carpere</span> <span class='ocrx_word' id='word_1_107' title='bbox 356 2826 472 2890; x_wconf 87' lang='lat' dir='ltr'>pensa,</span> <span class='ocrx_word' id='word_1_108' title='bbox 497 2805 560 2870; x_wconf 90' lang='lat' dir='ltr'>nisi</span> <span class='ocrx_word' id='word_1_109' title='bbox 584 2807 734 2888; x_wconf 83' lang='lat' dir='ltr'>cognitus</span> <span class='ocrx_word' id='word_1_110' title='bbox 760 2808 849 2868; x_wconf 90' lang='lat' dir='ltr'>esset</span> <span class='ocrx_word' id='word_1_111' title='bbox 873 2805 986 2868; x_wconf 83' lang='lat' dir='ltr'>anror?</span> 
     </span>
     <span class='ocr_line' id='line_1_21' title="bbox 141 2911 843 2996; baseline -0.004 -20"><span class='ocrx_word' id='word_1_112' title='bbox 141 2913 297 2978; x_wconf 80' lang='lat' dir='ltr'>Feminea</span> <span class='ocrx_word' id='word_1_113' title='bbox 320 2914 432 2996; x_wconf 85' lang='lat' dir='ltr'>tergus</span> <span class='ocrx_word' id='word_1_114' title='bbox 457 2913 597 2978; x_wconf 87' lang='lat' dir='ltr'>mutavit</span> <span class='ocrx_word' id='word_1_115' title='bbox 622 2915 713 2976; x_wconf 84' lang='lat' dir='ltr'>reste</span> <span class='ocrx_word' id='word_1_116' title='bbox 739 2911 843 2975; x_wconf 87' lang='lat' dir='ltr'>leonis</span> 
     </span>
     <span class='ocr_line' id='line_1_22' title="bbox 75 3017 1045 3102; baseline -0.005 -19"><span class='ocrx_word' id='word_1_117' title='bbox 75 3021 117 3083; x_wconf 80' lang='lat'>75</span> <span class='ocrx_word' id='word_1_118' title='bbox 189 3020 295 3083; x_wconf 83' lang='lat' dir='ltr'>Natus</span> <span class='ocrx_word' id='word_1_119' title='bbox 318 3056 361 3066; x_wconf 71' lang='lat'>—</span> <span class='ocrx_word' id='word_1_120' title='bbox 386 3019 462 3102; x_wconf 90' lang='lat' dir='ltr'>quis</span> <span class='ocrx_word' id='word_1_121' title='bbox 486 3019 560 3083; x_wconf 87' lang='lat' dir='ltr'>risu</span> <span class='ocrx_word' id='word_1_122' title='bbox 584 3021 747 3100; x_wconf 87' lang='lat' dir='ltr'>temperet</span> <span class='ocrx_word' id='word_1_123' title='bbox 772 3018 853 3091; x_wconf 76' lang='lat' dir='ltr'>ora?</span> <span class='ocrx_word' id='word_1_124' title='bbox 882 3054 917 3062; x_wconf 90' lang='lat'><em>-</em></span> <span class='ocrx_word' id='word_1_125' title='bbox 945 3017 1045 3081; x_wconf 84' lang='lat' dir='ltr'>loris.</span> 
     </span>
     <span class='ocr_line' id='line_1_23' title="bbox 142 3122 989 3208; baseline -0.004 -21"><span class='ocrx_word' id='word_1_126' title='bbox 142 3125 264 3189; x_wconf 87' lang='lat' dir='ltr'>Desine</span> <span class='ocrx_word' id='word_1_127' title='bbox 288 3125 411 3198; x_wconf 83' lang='lat' dir='ltr'>mirari,</span> <span class='ocrx_word' id='word_1_128' title='bbox 436 3145 511 3189; x_wconf 86' lang='lat' dir='ltr'>nam</span> <span class='ocrx_word' id='word_1_129' title='bbox 537 3145 666 3208; x_wconf 88' lang='lat' dir='ltr'>pennas</span> <span class='ocrx_word' id='word_1_130' title='bbox 690 3123 893 3206; x_wconf 77' lang='lat' dir='ltr'>.luppiter¹³)</span> <span class='ocrx_word' id='word_1_131' title='bbox 918 3122 989 3204; x_wconf 83' lang='lat' dir='ltr'>ipse</span> 
     </span>
     <span class='ocr_line' id='line_1_24' title="bbox 187 3231 890 3314; baseline -0.004 -19"><span class='ocrx_word' id='word_1_132' title='bbox 187 3232 397 3314; x_wconf 90' lang='lat' dir='ltr'>Pulchraque</span> <span class='ocrx_word' id='word_1_133' title='bbox 422 3232 550 3297; x_wconf 85' lang='lat' dir='ltr'>fallacis</span> <span class='ocrx_word' id='word_1_134' title='bbox 574 3231 683 3296; x_wconf 88' lang='lat' dir='ltr'>induit</span> <span class='ocrx_word' id='word_1_135' title='bbox 708 3250 764 3294; x_wconf 91' lang='lat' dir='ltr'>ora</span> <span class='ocrx_word' id='word_1_136' title='bbox 789 3231 890 3293; x_wconf 85' lang='lat' dir='ltr'>boris.</span> 
     </span>
     <span class='ocr_line' id='line_1_25' title="bbox 142 3335 1025 3419; baseline -0.002 -18"><span class='ocrx_word' id='word_1_137' title='bbox 142 3337 316 3403; x_wconf 85' lang='lat' dir='ltr'>Difficilem</span> <span class='ocrx_word' id='word_1_138' title='bbox 340 3339 450 3403; x_wconf 87' lang='lat' dir='ltr'>clarus</span> <span class='ocrx_word' id='word_1_139' title='bbox 474 3339 639 3419; x_wconf 85' lang='lat' dir='ltr'>Daphnen</span> <span class='ocrx_word' id='word_1_140' title='bbox 649 3336 691 3418; x_wconf 72' lang='lat'>¹⁴)</span> <span class='ocrx_word' id='word_1_141' title='bbox 715 3335 881 3418; x_wconf 81' lang='lat' dir='ltr'>qnaesivit</span> <span class='ocrx_word' id='word_1_142' title='bbox 904 3335 1025 3416; x_wconf 78' lang='lat' dir='ltr'>Apollo</span> 
     </span>
     <span class='ocr_line' id='line_1_26' title="bbox 187 3442 900 3525; baseline -0.004 -19"><span class='ocrx_word' id='word_1_143' title='bbox 187 3443 379 3508; x_wconf 81' lang='lat' dir='ltr'>Transtixus</span> <span class='ocrx_word' id='word_1_144' title='bbox 403 3443 529 3516; x_wconf 86' lang='lat' dir='ltr'>iaculis,</span> <span class='ocrx_word' id='word_1_145' title='bbox 554 3444 624 3508; x_wconf 90' lang='lat' dir='ltr'>dire</span> <span class='ocrx_word' id='word_1_146' title='bbox 648 3443 788 3525; x_wconf 84' lang='lat' dir='ltr'>Cupido,</span> <span class='ocrx_word' id='word_1_147' title='bbox 814 3442 900 3519; x_wconf 83' lang='lat' dir='ltr'>luis3</span> 
     </span>
     <span class='ocr_line' id='line_1_27' title="bbox 76 3547 986 3630; baseline -0.007 -15"><span class='ocrx_word' id='word_1_148' title='bbox 76 3552 122 3615; x_wconf 88' lang='grc'>80</span> <span class='ocrx_word' id='word_1_149' title='bbox 147 3549 221 3612; x_wconf 91' lang='lat' dir='ltr'>Non</span> <span class='ocrx_word' id='word_1_150' title='bbox 246 3551 394 3614; x_wconf 83' lang='lat' dir='ltr'>citharae</span> <span class='ocrx_word' id='word_1_151' title='bbox 417 3553 535 3613; x_wconf 86' lang='lat' dir='ltr'>cantus</span> <span class='ocrx_word' id='word_1_152' title='bbox 559 3549 662 3615; x_wconf 84' lang='lat' dir='ltr'>raluit</span> <span class='ocrx_word' id='word_1_153' title='bbox 687 3549 853 3630; x_wconf 84' lang='lat' dir='ltr'>depellere</span> <span class='ocrx_word' id='word_1_154' title='bbox 877 3547 986 3611; x_wconf 88' lang='lat' dir='ltr'>cordis</span> 
     </span>
     <span class='ocr_line' id='line_1_28' title="bbox 186 3653 964 3737; baseline -0.004 -19"><span class='ocrx_word' id='word_1_155' title='bbox 186 3656 332 3719; x_wconf 89' lang='lat' dir='ltr'>Vulnera</span> <span class='ocrx_word' id='word_1_156' title='bbox 356 3675 417 3718; x_wconf 87' lang='lat' dir='ltr'>nee</span> <span class='ocrx_word' id='word_1_157' title='bbox 440 3655 588 3719; x_wconf 87' lang='lat' dir='ltr'>rnedieae</span> <span class='ocrx_word' id='word_1_158' title='bbox 614 3655 739 3737; x_wconf 89' lang='lat' dir='ltr'>proluit</span> <span class='ocrx_word' id='word_1_159' title='bbox 764 3653 847 3717; x_wconf 85' lang='lat' dir='ltr'>artis</span> <span class='ocrx_word' id='word_1_160' title='bbox 871 3673 964 3735; x_wconf 85' lang='lat' dir='ltr'>opus.</span> 
     </span>
     <span class='ocr_line' id='line_1_29' title="bbox 142 3761 978 3843; baseline -0.004 -18"><span class='ocrx_word' id='word_1_161' title='bbox 142 3761 313 3827; x_wconf 83' lang='lat' dir='ltr'>Mulciberi</span> <span class='ocrx_word' id='word_1_162' title='bbox 337 3761 441 3826; x_wconf 90' lang='lat' dir='ltr'>sensit</span> <span class='ocrx_word' id='word_1_163' title='bbox 466 3765 585 3826; x_wconf 84' lang='lat' dir='ltr'>tenues</span> <span class='ocrx_word' id='word_1_164' title='bbox 611 3762 819 3843; x_wconf 88' lang='lat' dir='ltr'>deprehensa</span> <span class='ocrx_word' id='word_1_165' title='bbox 843 3764 978 3822; x_wconf 83' lang='lat' dir='ltr'>catenas</span> 
     </span>
     <span class='ocr_line' id='line_1_30' title="bbox 187 3865 921 3952; baseline -0.004 -20"><span class='ocrx_word' id='word_1_166' title='bbox 187 3869 346 3952; x_wconf 83' lang='lat' dir='ltr'>Turpiter</span> <span class='ocrx_word' id='word_1_167' title='bbox 370 3871 440 3932; x_wconf 88' lang='lat' dir='ltr'>arte</span> <span class='ocrx_word' id='word_1_168' title='bbox 465 3888 527 3932; x_wconf 91' lang='lat' dir='ltr'>sua</span> <span class='ocrx_word' id='word_1_169' title='bbox 550 3867 721 3932; x_wconf 83' lang='lat' dir='ltr'>ludificata</span> <span class='ocrx_word' id='word_1_170' title='bbox 744 3869 866 3931; x_wconf 79' lang='lat' dir='ltr'>Venus.</span> <span class='ocrx_word' id='word_1_171' title='bbox 880 3865 921 3949; x_wconf 75' lang='lat'>¹⁵)</span> 
     </span>
     <span class='ocr_line' id='line_1_31' title="bbox 142 3973 1043 4051; baseline -0.004 -13"><span class='ocrx_word' id='word_1_172' title='bbox 142 3973 344 4040; x_wconf 87' lang='lat' dir='ltr'>Provideant</span> <span class='ocrx_word' id='word_1_173' title='bbox 367 3974 528 4051; x_wconf 87' lang='lat' dir='ltr'>homines,</span> <span class='ocrx_word' id='word_1_174' title='bbox 553 3975 581 4037; x_wconf 91' lang='lat' dir='ltr'>si</span> <span class='ocrx_word' id='word_1_175' title='bbox 607 3995 672 4038; x_wconf 89' lang='lat' dir='ltr'>non</span> <span class='ocrx_word' id='word_1_176' title='bbox 697 3976 774 4038; x_wconf 89' lang='lat' dir='ltr'>sunt</span> <span class='ocrx_word' id='word_1_177' title='bbox 800 3973 938 4037; x_wconf 87' lang='lat' dir='ltr'>numina</span> <span class='ocrx_word' id='word_1_178' title='bbox 961 3973 1043 4043; x_wconf 90' lang='lat' dir='ltr'>tuta,</span> 
     </span>
     <span class='ocr_line' id='line_1_32' title="bbox 74 4079 935 4162; baseline -0.006 -16"><span class='ocrx_word' id='word_1_179' title='bbox 74 4084 116 4146; x_wconf 79' lang='lat'>85</span> <span class='ocrx_word' id='word_1_180' title='bbox 186 4080 236 4146; x_wconf 91' lang='lat' dir='ltr'>Ne</span> <span class='ocrx_word' id='word_1_181' title='bbox 260 4100 320 4162; x_wconf 89' lang='lat' dir='ltr'>per</span> <span class='ocrx_word' id='word_1_182' title='bbox 343 4081 504 4145; x_wconf 84' lang='lat' dir='ltr'>desidiam</span> <span class='ocrx_word' id='word_1_183' title='bbox 527 4082 662 4162; x_wconf 85' lang='lat' dir='ltr'>pectora</span> <span class='ocrx_word' id='word_1_184' title='bbox 686 4081 799 4159; x_wconf 82' lang='lat' dir='ltr'>tangat</span> <span class='ocrx_word' id='word_1_185' title='bbox 824 4079 935 4142; x_wconf 76' lang='lat' dir='ltr'>Amor.</span> 
     </span>
     <span class='ocr_line' id='line_1_33' title="bbox 142 4186 904 4269; baseline -0.005 -19"><span class='ocrx_word' id='word_1_186' title='bbox 142 4187 192 4250; x_wconf 90' lang='lat' dir='ltr'>Ne</span> <span class='ocrx_word' id='word_1_187' title='bbox 216 4188 397 4263; x_wconf 71' lang='lat' dir='ltr'>seducaris</span> <span class='ocrx_word' id='word_1_188' title='bbox 421 4188 562 4269; x_wconf 73' lang='lat' dir='ltr'>uigilans</span> <span class='ocrx_word' id='word_1_189' title='bbox 586 4186 749 4251; x_wconf 88' lang='lat' dir='ltr'>industria</span> <span class='ocrx_word' id='word_1_190' title='bbox 773 4205 904 4265; x_wconf 85' lang='lat' dir='ltr'>sernper</span> 
     </span>
    </p>
   </div>
   <div class='ocr_carea' id='block_1_4' title="bbox 186 4293 949 4461">
    <p class='ocr_par' dir='ltr' id='par_1_7' title="bbox 186 4293 949 4461">
     <span class='ocr_line' id='line_1_34' title="bbox 186 4293 948 4376; baseline -0.004 -19"><span class='ocrx_word' id='word_1_191' title='bbox 186 4293 347 4358; x_wconf 78' lang='lat' dir='ltr'>Consului</span> <span class='ocrx_word' id='word_1_192' title='bbox 370 4296 472 4358; x_wconf 82' lang='lat' dir='ltr'>aelati</span> <span class='ocrx_word' id='word_1_193' title='bbox 497 4293 702 4376; x_wconf 82' lang='lat' dir='ltr'>splendidae,</span> <span class='ocrx_word' id='word_1_194' title='bbox 728 4293 834 4370; x_wconf 88' lang='lat' dir='ltr'>Flore,</span> <span class='ocrx_word' id='word_1_195' title='bbox 860 4295 948 4355; x_wconf 83' lang='lat' dir='ltr'>tuae.</span> 
     </span>
     <span class='ocr_line' id='line_1_35' title="bbox 929 4399 949 4461; baseline 0 0"><span class='ocrx_word' id='word_1_196' title='bbox 929 4399 949 4461; x_wconf 87' lang='lat'><strong>3</strong></span> 
     </span>
    </p>
   </div>
   <div class='ocr_carea' id='block_1_5' title="bbox 0 0 1320 4718">
    <p class='ocr_par' dir='ltr' id='par_1_8' title="bbox 0 0 1320 4718">
     <span class='ocr_line' id='line_1_36' title="bbox 0 0 1320 4718; baseline 0 0"><span class='ocrx_word' id='word_1_197' title='bbox 0 0 1320 4718; x_wconf 95' lang='lat' dir='ltr'> </span> 
     </span>
    </p>
   </div>
  </div>
 </body>
</html>
