2632 4718
552 566 773 633 ..55-

221 741 411 808 multitudo.
437 742 565 827 ltaque,
588 763 663 809 curn
680 745 789 828 legere
805 765 872 812 non
888 747 1007 829 possis,
1031 750 1192 830 quantum

128 850 175 915 50
219 849 392 930 habueris,
424 849 506 915 satis
534 853 586 915 est
615 851 756 931 habere,
789 857 950 936 quantum
980 856 1078 937 legas.
1126 857 1192 921 Sed

220 957 334 1036 modo,
358 955 485 1041 inquis,
519 958 607 1022 hunc
637 957 760 1023 librum
788 961 940 1026 evolvere
972 962 1059 1041 volo,
1095 965 1192 1029 modo

221 1063 324 1129 illum.
371 1063 586 1130 Fastidientis
609 1067 771 1131 stomachi
795 1068 856 1143 est,
885 1069 988 1133 multa
1018 1071 1192 1152 degustare

221 1170 353 1249 cibaria,
377 1191 473 1253 quae,
493 1170 551 1236 ubi
567 1174 659 1237 varia
679 1173 767 1251 sunt,
791 1173 980 1255 inquinant,
1004 1196 1070 1240 non
1086 1177 1191 1243 alunt.

221 1278 382 1343 Probatos
406 1279 518 1360 itaque
541 1298 674 1362 semper
697 1280 769 1361 lege
789 1283 832 1353 et,
856 1280 884 1344 si
901 1282 1034 1363 quando
1051 1284 1093 1347 ad
1109 1282 1191 1348 alios

129 1385 174 1450 55
223 1385 344 1450 diverti
376 1386 529 1463 libuerit,
561 1387 602 1452 ad
625 1386 755 1468 priores
779 1386 881 1452 redi.“
931 1388 1023 1452 Haec
1053 1389 1189 1455 Seneca.

221 1492 290 1557 Nos
314 1491 349 1557 id
372 1496 546 1575 praeterea
569 1495 838 1574 admonebimur,
867 1497 904 1559 ut
932 1495 1073 1577 diligens
1097 1497 1192 1560 scho-

221 1599 359 1664 lasticus
383 1620 451 1665 non
474 1605 607 1679 temere,
631 1602 690 1666 sed
713 1622 753 1665 ex
768 1602 918 1684 magistri
935 1602 1072 1667 consilio
1089 1602 1191 1668 libros

221 1726 300 1771 suos
336 1707 451 1772 sedulo
479 1709 651 1788 emendet,
683 1710 769 1774 reris
800 1709 932 1792 punctis
961 1708 1127 1773 orationes
1159 1712 1191 1774 ct

220 1815 404 1879 sententias
428 1814 620 1898 distinguat,
644 1816 733 1882 locos
757 1817 861 1899 magis
884 1815 1115 1881 memorabiles
1139 1817 1191 1880 in·

127 1921 174 1987 60
221 1921 344 2004 signiat
369 1922 422 1986 rel
448 1923 561 2005 potius
590 1924 745 2004 excerpat
778 1925 811 1986 et
842 1923 878 1988 in
912 1921 1025 1988 libello
1056 1923 1098 1987 ad
1128 1923 1190 1987 hoc

219 2031 299 2110 apto
324 2028 451 2112 seligat.
482 2030 611 2094 Plinius
625 2031 681 2095 ille
699 2031 860 2095 naturalis
877 2023 1032 2095 historiae
1048 2031 1191 2112 scriptor

219 2136 305 2201 nihil
328 2137 406 2220 legit
428 2156 592 2219 unquam,
627 2139 716 2220 quod
745 2157 814 2201 non
841 2139 1040 2220 excerperet.
1087 2138 1190 2203 lllulta

219 2243 309 2308 enim
333 2263 433 2328 saepe
456 2244 553 2308 nobis
576 2244 665 2309 inter
688 2245 865 2327 legendum
888 2247 1049 2308 occurunt
1065 2264 1190 2309 merno-

217 2354 293 2415 ratu
311 2350 418 2434 digna,
444 2370 539 2433 quae,
556 2351 620 2415 nisi
637 2351 823 2434 seligemus,
841 2350 935 2417 facile
953 2350 1190 2431 obliviscimur,

124 2460 169 2524 65
219 2459 262 2537 et,
286 2459 315 2523 si
340 2478 471 2523 rursum
494 2479 653 2540 quaerere
677 2459 826 2538 velimus,
850 2461 956 2522 toturn
979 2457 1047 2522 lere
1071 2457 1191 2524 librum

218 2566 312 2629 illum
338 2566 447 2631 denuo
464 2567 613 2631 evolvere
630 2586 793 2648 cogemur.
819 2566 915 2643 Quod
932 2564 960 2628 si
978 2564 1190 2646 excerptiun-

218 2673 310 2737 culas
333 2671 521 2753 fecerimus,
546 2673 642 2738 facile
666 2672 760 2736 nobis
784 2674 899 2737 eadem
923 2673 980 2737 illa
996 2671 1185 2737 offerentur.

217 2781 304 2845 Sunt
328 2781 428 2845 etiam
451 2780 649 2856 sententiae,
678 2798 763 2861 quae
787 2779 829 2843 ad
853 2780 991 2844 eandem
1015 2778 1189 2843 materiam

217 2887 400 2971 pertinent,
424 2888 634 2954 annotandae
659 2888 692 2950 et
716 2886 752 2950 in
777 2906 879 2950 unum
896 2886 1061 2968 quendam
1080 2887 1191 2950 locum

127 2996 172 3060 70
218 2993 431 3076 colligendae.
450 2994 541 3058 luter
554 2994 729 3076 legendum
742 2993 821 3057 item
834 2993 924 3057 clara
934 3012 1014 3057 voce
1027 2994 1189 3056 utendum

219 3104 283 3182 est,
312 3102 403 3184 quod
431 3104 503 3166 tum
533 3102 575 3166 ad
603 3101 855 3182 intelligendum
879 3099 1020 3164 maxime
1043 3100 1189 3183 prodest,

217 3211 290 3272 tum
324 3210 427 3273 etiam
460 3209 502 3274 ad
533 3207 695 3272 stomachi
731 3207 976 3272 concoctionem
1009 3206 1190 3290 plurimum

218 3315 318 3393 valet,
342 3318 378 3379 ut
402 3315 613 3398 physicorum
637 3314 810 3380 clarissimi
834 3313 1052 3379 tradiderunt.

620 3544 702 3609 XXI.

126 3687 334 3782 Quantum
346 3686 497 3756 homini
508 3686 635 3775 prosit
648 3686 918 3756 studiosorum
931 3684 1189 3755 consuetudo.

154 3852 167 3914 1
218 3848 453 3914 Studiosorum
483 3849 689 3914 consuetudo
718 3848 867 3932 diligenti
897 3847 1094 3912 scholastico
1122 3867 1190 3911 non

217 3974 337 4037 parum
371 3956 499 4021 fructus
534 3957 726 4038 praestabit.
786 3956 870 4021 Cum
906 3957 1020 4021 sancto
1056 3958 1189 4019 sanctus

217 4063 282 4127 eris
316 4065 349 4127 ct
384 4083 460 4127 cum
488 4083 645 4146 perverso
679 4064 887 4147 perverteris.
939 4064 1109 4127 Usitatum
1139 4064 1190 4125 est

217 4189 369 4234 sermone
382 4170 608 4251 proverbium:
629 4171 684 4251 „Si
700 4171 818 4236 claudo
834 4171 962 4236 vicinus
976 4168 1189 4248 habitareriS,
