2632 4718
597 712 815 779 ..15-

191 894 231 956 10
300 893 466 956 Praesunt
490 889 599 956 officio
623 890 734 956 sidera
758 911 913 974 quaeque
938 911 1009 957 suo.

250 998 311 1062 llla
334 999 446 1063 ferunt
470 1000 609 1063 mortem
635 997 745 1077 terrie,
769 999 851 1062 haec
874 1003 965 1062 astra
990 999 1142 1078 salutern,

300 1104 388 1168 Mars
412 1103 482 1168 fera
505 1104 603 1184 bella,
627 1106 740 1169 Venus
765 1104 876 1169 dulcia
899 1104 989 1170 furta
1011 1105 1110 1187 parit.

250 1211 314 1274 Pro
339 1211 431 1276 vario
455 1211 544 1277 coitu
570 1211 671 1276 variis
696 1213 888 1295 aspectibus
913 1214 1034 1294 augent

300 1318 368 1382 Res
392 1317 564 1382 hominum
590 1321 622 1381 et
646 1318 730 1381 coeli
755 1319 866 1382 lucida
890 1317 985 1399 signa
1009 1318 1129 1382 lerant.

190 1425 228 1488 15
254 1424 420 1500 Quattuor
444 1424 570 1488 evariat
595 1424 790 1490 distinctum
813 1424 966 1507 partibus
991 1444 1116 1488 annum

301 1531 414 1612 Atque
439 1529 538 1594 simul
562 1550 674 1594 rerum
697 1534 803 1595 mutat
828 1531 948 1614 Apollo
972 1532 1071 1594 vices

250 1637 329 1701 Plus
353 1637 441 1702 valet
464 1636 608 1718 ingenio,
632 1656 733 1719 quem
756 1637 884 1702 feruida
907 1637 984 1701 bilis
1007 1637 1119 1702 adurit

302 1746 366 1808 Per·
390 1745 554 1824 brumam,
579 1764 680 1826 quam
704 1763 778 1808 eum
803 1745 865 1808 sub
890 1763 971 1808 canc
994 1747 1086 1807 terra
1109 1744 1190 1807 sitit.

249 1851 392 1930 Rursus
417 1851 469 1915 cui
493 1849 603 1932 gravis
629 1853 679 1914 est
703 1849 836 1932 pituita,
860 1851 991 1915 laborat
1015 1869 1141 1932 aquoso

186 1958 229 2021 ‘20
297 1957 473 2039 Tempore,
498 1957 637 2022 consilio
661 1957 731 2021 sole
756 1958 901 2021 micante
926 1959 1025 2039 riget.

248 2063 450 2128 Aelurorum
475 2064 589 2128 oculos
611 2065 778 2144 permutat
802 2065 835 2127 et
859 2067 970 2129 ostrea
995 2064 1130 2128 Phoebe
1141 2063 1179 2146 Α3),

300 2170 425 2233 Oceani
450 2169 595 2251 liquidas
619 2169 706 2251 cogit
730 2174 762 2234 et
787 2174 884 2252 auget
908 2190 1022 2251 aquas.

249 2276 430 2357 Octipcdes
454 2277 598 2340 subeunt
624 2276 773 2359 nunaer)
797 2277 1024 2340 moderamina
1048 2277 1158 2339 cancri

299 2382 342 2446 nt
366 2386 483 2447 tenera
506 2384 541 2447 in
566 2384 657 2446 duris
681 2384 793 2448 clausa
816 2384 962 2447 medulla
986 2382 1075 2446 locis.

186 2491 227 2552 25
254 2489 297 2552 Ut
320 2489 375 2553 vix
399 2489 528 2552 arbitrii
552 2490 687 2553 libertas
711 2493 786 2554 tnta
810 2489 954 2567 resistat,

299 2595 421 2659 Nostra
445 2596 529 2660 adeo
552 2598 674 2676 cogunt
697 2597 840 2660 aetheris
865 2600 938 2661 acta
962 2597 1043 2660 viae.

249 2701 355 2766 Fatali
380 2700 545 2765 trahimur
569 2701 656 2765 serie
680 2722 857 2784 rerumque
881 2704 1010 2775 eatena,

299 2806 476 2889 Chrysippi
486 2806 511 2891 ²)
535 2808 645 2871 verbis
670 2809 697 2872 si
723 2808 766 2872 sit
789 2809 943 2872 habenda
967 2807 1059 2871 tides.

250 2914 286 2977 Si
311 2913 392 2977 nihil
416 2913 527 2993 evitat,
551 2914 718 2996 quidquid
741 2915 810 2979 loro
836 2915 987 2997 luppiter
1011 2915 1115 2978 almus

186 3021 230 3085 30
312 3020 487 3101 Prospicit‚
512 3021 578 3100 ille,
602 3022 656 3085 cui
680 3023 813 3085 saccula
838 3024 956 3085 cuneta
980 3024 1107 3102 patent,

248 3127 385 3191 Frustra
410 3127 560 3191 infelices
584 3130 617 3191 et
641 3129 831 3192 consultare
855 3128 1006 3191 ridemur

299 3234 421 3314 Elpia
446 3232 583 3297 sacratis
608 3253 732 3314 ponere
758 3237 833 3298 tura
858 3234 947 3298 loris.

248 3339 284 3402 Si
308 3340 417 3404 bonus
442 3360 481 3403 cx
506 3340 584 3405 latis
609 3340 756 3404 animum
781 3341 959 3404 virtutihus
984 3344 1089 3410 ornat,

299 3446 367 3509 Cur
391 3446 437 3509 illi
462 3446 628 3510 immerito
653 3447 792 3528 lausque
820 3448 986 3529 decusque
1013 3447 1127 3510 venit?

186 3553 227 3617 35
252 3552 435 3616 Mercurius
461 3552 541 3616 lurti
566 3557 598 3616 et
621 3553 748 3617 fraudis
773 3554 800 3616 si
826 3554 970 3618 creditur
994 3555 1120 3632 auctor,

299 3660 367 3722 Cur·
392 3679 507 3723 corvos
531 3659 613 3723 luris
638 3661 766 3742 pensile
791 3681 911 3742 corpus
935 3661 1014 3725 alit?

248 3766 330 3842 Quis
354 3768 465 3829 tamen
489 3765 625 3847 impune
650 3767 766 3848 probet
793 3768 938 3830 erasisse
965 3768 1133 3831 latrones?

300 3872 382 3949 Quis
406 3872 513 3936 laudis
537 3873 661 3935 iustum
684 3893 822 3936 munere
847 3872 977 3937 lraudet
1000 3873 1106 3956 opus?

249 3980 376 4042 Cuncta
400 3977 509 4041 sciunt
534 3977 656 4060 superi,
681 3979 740 4042 sed
765 3999 825 4043 nos
850 3979 981 4043 inscitia
1005 3982 1111 4057 vexat,

184 4086 228 4149 lt)
296 4085 387 4161 Quos
412 4083 566 4166 propriae
590 4084 711 4147 mentis
734 4086 784 4148 vis
807 4105 968 4167 generosa
993 4085 1086 4167 sugit.

249 4191 390 4255 Lumina
414 4189 636 4272 Cirnme1·iis·''’)
661 4190 869 4273 stringuntur
893 4195 1008 4255 nostra
1031 4192 1190 4271 tenebris,

299 4298 386 4361 Dum
411 4318 470 4360 nos
494 4297 529 4360 in
553 4297 653 4360 terris
677 4297 745 4361 rita
769 4297 893 4362 caduca
918 4301 1020 4361 tenet.

69 4372 157 4440 ἱ
594 4425 807 4433 *-
