2632 4718
543 545 859 626 u-Si-,

192 728 396 813 virginitatis
418 747 535 795 amaus
557 729 674 813 procul
697 727 810 794 omnia
831 729 944 811 turpia
965 729 1056 810 vitet,

127 858 183 941 ll)
237 855 388 921 Pierides
412 859 533 937 castae,
558 859 651 921 casta
674 854 821 920 Minerva
843 854 915 920 luit.

193 980 397 1065 Pythagoras
411 981 438 1068 ¹)
461 982 623 1046 Venerem
649 981 800 1046 studioso
824 985 961 1062 pectore
985 979 1070 1063 fugit

235 1107 277 1172 Ei
301 1104 444 1192 Putat)
467 1126 568 1189 quem
590 1106 706 1170 dicunt
729 1105 857 1188 virgine
882 1107 987 1170 matre
1011 1107 1137 1185 satum;

192 1233 404 1298 Democritus
414 1232 442 1317 3)
466 1232 557 1298 fulvo
580 1250 717 1296 caecum
742 1251 777 1296 se.
801 1230 946 1296 reddidit
969 1250 1055 1311 aere,

130 1359 184 1443 16)
237 1357 287 1422 Nc
311 1377 371 1422 sua
394 1356 557 1422 femineus
581 1357 681 1422 corda
704 1356 832 1421 subiret
855 1375 957 1422 arnor.

192 1480 334 1545 Tessera
356 1483 478 1546 vitetur
501 1481 637 1559 lusoria,
662 1482 798 1560 cartula,
822 1499 984 1563 praeceps

235 1605 329 1686 Alea,
354 1625 441 1689 quae
464 1606 578 1670 mullis
602 1610 653 1670 est
676 1607 825 1671 comitata
857 1605 961 1671 malis.

194 1730 280 1795 Hinc
304 1734 444 1813 surgunt
468 1732 569 1811 rixae,
594 1730 737 1810 fraudes,
762 1731 918 1812 periuria,
943 1732 1072 1809 caedes

127 1857 184 1941 ΞΟ)
236 1856 348 1936 Furta,
372 1856 582 1920 latrocinium
605 1855 809 1938 militiaeque
832 1855 932 1921 furor.

195 1980 331 2046 Infamia
354 1982 514 2046 miserum
537 2001 669 2064 semper
692 1981 783 2046 subit
806 1983 878 2046 aleo
901 1980 1014 2060 linem,

239 2105 390 2172 Iustitiae
414 2087 522 2170 cultor
546 2125 716 2188 uunquam
741 2107 851 2170 aliera
875 2106 974 2189 cupit.

199 2230 354 2296 Carnifici
377 2231 524 2314 iugulum
550 2250 649 2313 saepe
674 2234 723 2295 est
748 2233 908 2314 praebere
932 2235 1076 2303 coactus,

127 2357 185 2441 dd)
238 2355 302 2433 Qui
326 2356 432 2439 patris
456 2356 583 2438 sprevit
607 2357 699 2421 iussa
722 2377 838 2421 severa
862 2357 922 2421 sui.

193 2480 239 2544 At
262 2481 388 2546 teneris
413 2481 508 2546 annis
532 2482 726 2564 quaerenda
749 2481 868 2546 viatica
892 2481 994 2559 rania,

236 2606 297 2670 Est
321 2606 434 2671 labore
458 2606 514 2688 pio
538 2606 765 2671 conciliandus
788 2608 902 2672 honor.

593 2804 720 2868 XXVII.

229 2941 423 3013 vitandas
447 2961 536 3013 esse
559 2942 793 3013 sodalitates
816 2942 1089 3031 improborum

261 3067 337 3119 nec
360 3067 452 3119 cum
474 3048 804 3139 inquinatissimis
827 3048 1055 3119 hominibus

362 3156 592 3226 habendam
615 3156 954 3227 consuetudinem.

218 3300 334 3384 Effuge
358 3301 507 3366 luxuriae
531 3321 645 3366 servos
669 3321 855 3384 pravosque
880 3302 1021 3380 sodales

260 3426 431 3492 Mollitiem
455 3428 523 3490 rita
548 3426 775 3509 desidiamque
801 3427 886 3508 fuga.

194 3550 341 3615 Deliciae
364 3551 540 3633 pulchram
564 3557 736 3632 nequeunt
760 3551 910 3615 attollere
935 3551 1067 3630 lamam,

125 3678 163 3762 4)
238 3675 397 3741 Provenit
421 3676 604 3741 custodiis
629 3680 730 3758 atquo
754 3676 868 3741 labore
892 3677 1002 3740 decus.

194 3803 294 3866 Parce
318 3800 385 3865 tuis
409 3802 564 3879 nummis
590 3821 673 3883 quos
698 3802 863 3866 donavere
888 3806 1055 3882 perculsa,

237 3927 291 3992 Ad
314 3928 441 4009 frugem
464 3930 502 3991 ut
526 3927 635 4008 possis
659 3926 736 3991 iude
760 3927 873 3991 reuire
896 3927 1029 3990 borram.

195 4052 270 4116 Nou
295 4051 383 4115 iuter
406 4050 555 4115 madidas
579 4055 690 4115 tutum
714 4055 764 4116 est
789 4051 939 4115 habitare
964 4050 1116 4134 popinas,

127 4179 164 4263 8)
239 4175 383 4241 Sordida
407 4195 473 4240 non
499 4176 587 4240 iuter
609 4195 714 4262 ganea
738 4177 843 4257 surgit
868 4177 985 4241 honos.
