2632 4718
517 735 734 811 ..45-

208 922 397 1005 Omniaque
421 921 456 985 in
479 941 646 987 summum
669 924 748 988 vota
771 924 896 989 referre
919 922 1055 988 bonum.

163 1028 262 1093 Utilis
286 1030 429 1094 accessit
451 1029 614 1093 sermonis
638 1029 746 1112 gratia
768 1029 876 1103 nobis,

208 1134 352 1200 Condita
376 1156 418 1200 ne
442 1154 574 1217 semper
596 1136 730 1217 pectore
753 1155 853 1200 sensa
876 1135 995 1200 forent.

96 1243 139 1304 25
165 1240 278 1305 Garrit
301 1243 382 1318 avie,
408 1241 599 1323 latrenlque
622 1260 731 1319 canes,
755 1241 931 1323 lvinnitque
955 1242 1114 1321 caballus,

210 1347 276 1411 Bos
300 1348 415 1431 mugit,
438 1346 574 1431 grunnit
597 1346 722 1417 sucula.
746 1347 838 1413 balat
862 1349 950 1426 ovis;

165 1454 310 1518 Frendet
333 1474 426 1536 aper,
450 1453 776 1536 gannitvulpecula,
803 1454 892 1517 rudit
915 1454 1048 1529 asellus

210 1559 272 1622 Ast
294 1560 463 1625 hominem
487 1560 596 1624 solum
619 1559 759 1642 pulchra
783 1560 913 1641 loquela
935 1562 1036 1624 iuvat.

165 1666 226 1730 Est
249 1669 411 1743 nostrum,
435 1668 533 1730 notas
556 1665 672 1730 audire
696 1669 728 1728 et
753 1665 893 1729 reddere
917 1686 1014 1729 voces

96 1774 142 1836 30
211 1772 254 1835 El
277 1771 402 1836 domini
425 1772 541 1836 laudes
564 1771 798 1836 concelebrare
821 1771 886 1835 dei.

166 1878 369 1942 Concessum
393 1878 498 1954 nobie,
524 1877 610 1942 veris
634 1896 808 1941 secernere
831 1876 925 1947 salsa,

213 1984 319 2049 Prava
342 1984 449 2061 bonis
474 1984 565 2066 leges
589 1982 831 2066 consiliumque
855 1983 960 2064 sequi.

167 2090 298 2167 Cetera,
322 2093 477 2173 regnator
500 2108 659 2171 superum
684 2108 905 2171 quaecunque
930 2091 993 2153 sub
1018 2090 1115 2154 astris

213 2196 378 2271 Condidit,
402 2197 549 2260 humano
571 2194 722 2259 subdidit
745 2194 893 2259 arbitrio.

97 2307 140 2365 35
167 2301 288 2366 Silvosi
311 2303 434 2367 nostris
458 2304 590 2366 montes
614 2304 692 2365 sunt
716 2301 833 2366 usibus
857 2301 925 2383 apli

211 2408 322 2490 Atque
346 2407 439 2472 ferax
461 2408 561 2472 tellus
584 2409 864 2490 omnigenumque
888 2427 1000 2490 pecus.

168 2516 254 2578 Sunt
278 2513 393 2596 liquidi
418 2515 535 2589 sontes
559 2517 638 2578 sunl
661 2517 694 2577 el
717 2513 867 2596 pomaria
891 2515 1015 2586 noslrn,

213 2620 339 2684 Piscosi
363 2619 456 2685 ssuvii
479 2620 725 2701 velivolumque
749 2640 850 2682 mare.

168 2727 207 2789 ln
233 2729 363 2791 nostros
387 2746 467 2791 usus
491 2726 634 2791 volucris
659 2729 749 2790 secat
773 2733 850 2789 uera
874 2724 1001 2806 pennis,

98 2835 144 2896 40
214 2833 418 2915 Undosoque
442 2833 513 2897 salo
536 2832 674 2915 grandia
696 2833 771 2895 ceto
795 2834 921 2895 vvalnnl.

170 2938 239 3002 Cur
263 2938 376 3003 miseri
399 2939 544 3003 nummis
567 2940 719 3003 homines
744 2937 874 3001 servilis
899 2942 933 3002 et
957 2959 1048 3011 arno,

214 3044 305 3122 Quos
329 3046 435 3110 voluit
457 3045 566 3127 primo
589 3044 739 3109 conditor
763 3064 836 3107 esse
861 3045 953 3108 loco?

169 3150 348 3216 Auctorem
372 3152 566 3234 pariterque
590 3170 694 3232 genus
718 3149 905 3231 cognoscite
930 3153 1089 3227 vestrum,

215 3257 363 3323 Desinite
387 3258 423 3321 in
447 3261 556 3322 mutas
580 3257 784 3339 degenerare
809 3256 912 3325 teras:

101 3368 144 3427 lo
171 3362 319 3427 Desinite
341 3363 495 3429 informis
518 3362 628 3428 mirari
653 3364 803 3445 pondera
826 3383 956 3426 massae

215 3469 255 3532 El
280 3469 361 3534 viles
385 3469 498 3535 animo
521 3470 668 3553 pendere
692 3468 799 3551 pluris
822 3469 920 3550 opes!

172 3574 246 3639 Non
269 3595 387 3640 aurum
412 3575 574 3658 splendet,
600 3595 667 3640 noo
692 3578 742 3638 est
769 3576 823 3639 lux
846 3575 946 3637 insila
969 3573 1118 3655 gemmis,

215 3680 281 3746 Cor·
304 3682 439 3764 sapiens
462 3682 574 3763 lulget,
599 3702 762 3762 mensque
786 3702 905 3744 serena
930 3682 1023 3744 nitet.
