2632 4718
604 728 821 791 ..46-

696 920 735 984 ll.

301 1060 362 1128 De
387 1059 540 1148 optima
562 1059 741 1148 corporis
764 1059 932 1129 humani
954 1060 1121 1130 ratione.

208 1224 220 1285 1
250 1220 408 1304 Corporis
434 1220 570 1285 humaui
595 1221 681 1284 ratio
705 1220 877 1297 mirabilia,
902 1223 983 1285 ordo

291 1327 513 1409 Compositus‚
538 1327 674 1410 speculo
699 1326 799 1409 digua
821 1326 928 1409 figura
952 1327 1016 1391 dei.

246 1434 352 1510 Quam
379 1433 473 1509 bene,
497 1453 596 1515 quam
619 1436 709 1498 recta
732 1432 872 1515 digessit
895 1433 1024 1516 singula
1048 1435 1154 1499 forma

290 1540 439 1604 llembra
462 1541 516 1604 dei
540 1540 646 1604 virtus
672 1539 789 1603 usibus
812 1543 893 1621 apta
916 1540 1004 1603 suis!

202 1650 221 1710 5
245 1648 346 1711 Vasta
369 1646 539 1728 giganteae
565 1665 631 1710 non
656 1647 776 1727 optant
799 1664 941 1727 corpora
965 1645 1071 1723 motio,

291 1753 355 1830 Qui
380 1752 515 1834 sapiunt
538 1751 688 1816 homiues
712 1753 745 1815 ot
767 1751 896 1816 ratione
921 1752 1032 1834 rigent

247 1859 316 1922 Neo
340 1858 479 1941 eupiunt
502 1858 628 1923 celeres
651 1857 829 1922 Atalantae
843 1857 864 1937 ¹)
889 1859 1023 1923 vincere
1046 1859 1189 1940 plautas

290 1963 487 2048 Despioiunt
510 1965 612 2029 robur
635 1963 764 2028 sortiter
789 1964 1002 2028 Herculeum.

246 2071 322 2134 Non
347 2072 377 2134 ri
402 2091 453 2133 res
478 2090 626 2153 magnae,
651 2072 711 2135 sed
735 2069 817 2134 seito
841 2071 941 2136 eorde
963 2072 1131 2153 geruntur,

182 2180 222 2239 lo
293 2177 368 2240 Non
394 2178 511 2259 rapido
535 2197 644 2249 cursu,
669 2178 728 2241 sed
752 2178 946 2241 moderante
970 2197 1070 2242 mora.

247 2281 372 2346 Stravit
396 2283 576 2346 Alexandri
601 2303 777 2366 procerum
802 2282 966 2346 industria
991 2285 1128 2359 Porum3

289 2388 326 2452 ln
349 2408 452 2471 parvo
477 2390 582 2453 virtus
606 2408 745 2470 corpore
769 2388 872 2452 maior
897 2392 977 2452 erat.

245 2494 311 2572 Qui
335 2515 402 2559 rem
427 2496 614 2559 cunctando
639 2497 810 2559 Romanae
836 2495 981 2559 reddidit
1006 2496 1107 2572 urbis,

290 2600 437 2666 Consilio
462 2601 601 2682 Libycas
625 2601 811 2665 attenuavit
834 2621 925 2683 opes.

181 2710 220 2770 15
246 2707 374 2771 Duritia
398 2707 527 2788 lapides
551 2706 687 2781 homini,
711 2708 771 2771 bos
797 2709 914 2771 robore
937 2709 1098 2789 praestat,

288 2813 373 2877 Mole
398 2814 544 2895 eleplraa
569 2833 668 2877 eursu
693 2813 785 2895 tigris
810 2816 843 2877 et
866 2834 923 2878 ore
948 2814 1056 2895 lupus

245 2919 358 3002 Turpe
383 2920 519 3002 quidem
543 2920 640 2984 nobis
661 2919 804 3001 insignia
829 2920 916 2984 dona
940 2921 1082 2984 serarum

289 3026 328 3089 In
352 3027 505 3114 proprias
529 3026 645 3090 laudes
669 3044 890 3089 annumerare
914 3024 1009 3088 soret.

245 3131 408 3197 Nobilitas
432 3133 532 3196 animi
559 3133 670 3196 tenuis
694 3130 897 3213 compaginis
922 3134 1016 3196 artus

178 3240 221 3302 90
290 3238 403 3302 Poscit
427 3242 459 3303 et
484 3239 519 3302 in
543 3241 658 3302 tenero
682 3258 820 3321 corpore
845 3238 957 3302 lumen
981 3237 1091 3301 habet.

245 3344 374 3408 Certior
398 3347 448 3408 est
472 3347 591 3420 taclua
616 3364 683 3408 non
707 3364 773 3426 quo
798 3344 841 3407 sit
866 3344 962 3409 foeda
985 3345 1141 3427 voluptas

289 3451 402 3526 Maior,
427 3453 461 3515 at
486 3454 521 3514 ut
546 3452 644 3514 cauta
667 3451 770 3514 tutior
794 3453 864 3515 arte
888 3453 988 3516 salue.

245 3557 320 3622 Non
345 3556 460 3621 vivunt
483 3555 642 3629 homiues,
667 3559 704 3620 ut
728 3558 837 3634 edant,
862 3560 899 3621 ut
921 3558 1041 3640 pocula
1065 3558 1199 3635 siccent,

289 3663 362 3741 Quo
385 3665 522 3728 teneant
546 3664 657 3739 vitam,
682 3665 832 3727 membra
855 3664 980 3728 caduca
1004 3664 1127 3728 forent.

177 3772 218 3834 ‘25
245 3769 405 3835 Laetetur
429 3791 549 3854 spurca
574 3769 695 3834 lasciva
719 3769 855 3834 libidine
880 3790 989 3851 capra,

289 3875 327 3940 ln
350 3878 460 3942 medio
485 3897 588 3942 coeno
613 3896 648 3940 se
673 3877 836 3941 revolutet
861 3897 950 3959 aper,

243 3982 377 4046 Tractat
401 3982 509 4064 imago
534 3983 586 4046 dei
611 3983 739 4046 cunetis
764 3987 902 4046 aeterna
926 3983 1051 4059 diebus,

289 4091 332 4154 Ut
356 4091 457 4171 queat
481 4089 515 4152 iu
539 4090 630 4153 coelo
657 4088 802 4152 numinis
827 4110 883 4152 ore
907 4088 982 4152 frui.

602 4320 813 4328 ————-—-
