2632 4718
531 773 729 840 ..3-

108 1052 274 1123 loannes
312 1053 562 1124 Murmellius
601 1055 626 1127 J
629 1055 751 1126 oanni
787 1055 1014 1128 Alexandro
1055 1056 1166 1147 Mep-

195 1161 346 1248 penai1)
369 1165 409 1231 et
431 1162 661 1233 Hermanno
686 1163 861 1250 Stuvio2)
884 1163 1068 1235 salutem.

294 1304 392 1369 Libet
409 1325 508 1386 nunc,
532 1305 763 1370 humanissimi
787 1307 861 1386 viri,
879 1327 946 1372 non
964 1307 1039 1372 aliis
1056 1307 1168 1372 verbis

204 1430 262 1474 ros
285 1412 419 1494 alloqui,
444 1432 545 1494 quam
569 1413 692 1494 quibus
716 1412 907 1478 Heraclitus
935 1413 990 1478 ille
1020 1412 1169 1495 philoso-

204 1516 292 1598 phus
322 1517 437 1581 amicis
464 1519 633 1599 quondam
673 1519 743 1582 suis
772 1518 986 1602 respondisse
1016 1519 1169 1604 feriunt)

204 1622 235 1685 ls
265 1625 369 1703 enim,
399 1644 474 1687 cum
505 1624 685 1706 aliquando
721 1626 754 1688 in
784 1624 968 1690 furnariam
997 1625 1167 1707 ingressus

140 1729 162 1792 5
204 1730 350 1793 casulam
378 1733 516 1812 propter
540 1729 719 1794 hibernum
744 1730 883 1795 forsitan
906 1731 1016 1814 ignem
1041 1731 1167 1796 diutius

204 1837 335 1900 sederet
367 1839 400 1899 et
429 1857 448 1900 a
477 1837 675 1918 quibusdam
703 1837 836 1900 interim
863 1840 1083 1919 quaereretur
1106 1838 1169 1902 mi-

205 1942 355 2005 rantibus
379 1942 641 2006 abiectissimum
666 1963 741 2006 eum
760 1943 995 2007 domunculam
1020 1943 1167 2023 introire,
1232 1971 1233 1974 ¹

204 2049 391 2125 subridens,
410 2048 568 2126 „Introite
581 2049 607 2112 l“
634 2049 750 2130 inquit,
778 2053 875 2128 „suut
891 2049 980 2113 euim
997 2049 1051 2114 hic
1067 2049 1167 2114 etiam

204 2154 279 2218 dii.“
329 2154 415 2218 Nam
439 2155 517 2218 licet
540 2154 715 2236 aliquanto
746 2154 922 2238 pulchrius
951 2157 1093 2220 fortasse
1117 2155 1169 2219 vel

118 2262 161 2324 10
202 2260 237 2323 iu
261 2261 369 2342 poetis
393 2261 590 2324 enarrandis
614 2261 665 2324 rel
693 2260 944 2326 dialecticorum
969 2260 1088 2325 studiis
1112 2280 1169 2326 ex·

204 2367 352 2430 colendis
376 2368 427 2431 vel
456 2367 699 2448 componendis
723 2367 928 2431 carminibus
952 2368 1015 2431 hoc
1038 2369 1170 2448 tempo·

204 2474 248 2536 ris
272 2473 429 2537 subcisivi
460 2493 657 2538 consumere
690 2473 771 2537 mihi
800 2473 924 2550 liceret,
957 2493 1025 2538 nou
1057 2475 1170 2537 tamen

204 2579 268 2643 huc
303 2579 516 2643 descendisse
551 2581 674 2662 pudet,
714 2599 790 2644 cum
824 2580 912 2660 iguis
945 2579 1068 2662 gralia,
1098 2581 1169 2642 tum

204 2686 359 2763 maxime,
386 2689 420 2749 ut
445 2684 580 2749 iubeam
612 2685 741 2749 deverri
773 2685 1014 2767 pavimentum,
1038 2702 1105 2766 quo
1128 2703 1164 2748 se

119 2793 161 2853 15
204 2811 280 2854 mox
303 2792 475 2856 conserant
495 2791 681 2855 esurientes
697 2791 794 2874 pueri
810 2811 872 2874 per
894 2793 1007 2856 coctos
1031 2789 1164 2856 efurno

204 2917 309 2979 panes
345 2900 378 2960 el
412 2897 505 2961 humi
536 2897 714 2980 dispositos
752 2897 877 2961 munde
913 2898 996 2962 citra
1031 2897 1167 2961 scobem

204 3003 364 3084 peresuri.
411 3004 477 3066 Vos
493 3003 603 3085 igitur,
626 3002 734 3080 amici,
760 3002 787 3066 si
808 3003 901 3067 lubet
918 3022 1050 3067 mecum
1071 3000 1167 3066 lami-

204 3108 302 3173 liares
326 3110 464 3173 caedere
485 3129 665 3186 sermones
696 3110 760 3173 huc
786 3110 913 3185 adeste,
937 3128 998 3173 uec
1021 3109 1084 3172 hoc
1109 3127 1168 3172 vos

204 3216 371 3296 ingressos
395 3215 638 3296 gurgustiolum
663 3217 790 3298 pudeat
813 3235 887 3280 meo
911 3215 1086 3298 Scopario,
1111 3214 1168 3279 ubi

124 3320 169 3383 ab
208 3321 323 3386 labore
351 3321 453 3385 fuerit
468 3320 634 3403 fatigatus,
659 3323 846 3400 succedere,
871 3341 947 3387 nam
972 3323 1006 3385 el
1030 3319 1083 3384 hic
1106 3339 1170 3384 nu-

208 3427 298 3491 mina
321 3430 399 3490 sunt
426 3445 489 3509 pro
518 3431 637 3492 navata
661 3427 836 3509 diligenter
857 3447 960 3509 opera
984 3426 1168 3491 mercedem

208 3533 352 3616 benigne
383 3532 563 3598 redditura.
610 3535 728 3599 Videte
757 3553 899 3616 quaeso,
929 3552 1031 3615 quam
1058 3531 1170 3612 variis,

209 3658 310 3721 quam
334 3639 450 3703 multis
475 3638 634 3704 famulum
659 3641 769 3723 scopis
793 3638 1017 3716 instruxerim,
1047 3637 1171 3719 quibus

207 3764 274 3808 non
305 3744 412 3809 solum
443 3764 587 3828 purgare
622 3747 755 3826 locum,
789 3745 848 3809 sed
879 3745 979 3809 etiam
1007 3745 1170 3808 conantes

122 3851 164 3913 25
205 3851 259 3914 vel
282 3871 359 3915 eum
382 3851 532 3932 polluere
557 3852 611 3917 vel
640 3853 806 3917 obsistere
830 3849 977 3915 verrenli
1000 3848 1170 3931 flagellare

206 3957 327 4039 possit!
363 3959 490 4037 Valete,
514 3958 699 4023 Gerardum
717 3953 913 4039 Listrium4)
936 3954 1169 4037 philosophiae

185 4113 187 4117 ,
207 4062 327 4127 studiis
351 4065 384 4126 et
401 4063 502 4128 trium
518 4065 707 4145 linguarum
724 4061 930 4146 professione
947 4059 1169 4125 clarissimum

207 4168 290 4232 meis
314 4169 425 4233 verbis
449 4170 607 4234 salulate!
