2632 4718
151 1107 214 1176 Ex
236 1107 364 1195 primo
389 1107 491 1176 libro
514 1107 727 1196 Augustini
750 1108 800 1178 de
824 1109 983 1180 civitate
1007 1111 1117 1198 dei.¹)

300 1269 479 1350 Vergilium
503 1273 681 1352 propterea
704 1255 834 1352 parvuli
859 1272 990 1353 legunt,
1016 1277 1053 1338 ut
1077 1273 1163 1347 ride·

213 1374 288 1438 licet
322 1379 421 1456 poeta
456 1394 595 1455 magnus
630 1376 846 1458 omniumque
882 1378 1167 1459 praeclarissimus

213 1484 313 1561 atque
343 1481 490 1562 optimus
518 1481 642 1544 teneris
673 1481 819 1545 ebibitus
850 1483 946 1547 annis
976 1505 1042 1547 non
1071 1486 1167 1550 facile

213 1586 376 1650 obiit-’ione
401 1588 504 1667 possit
524 1588 661 1665 aboleri,
679 1590 864 1651 secundum
888 1589 969 1653 illud
988 1589 1167 1674 H01·arii2):

144 1694 162 1752 ἴ
216 1693 308 1771 „Quo
332 1694 434 1757 semel
459 1696 509 1757 est
532 1694 660 1757 imbuta
685 1713 817 1772 recem,
842 1695 987 1759 servabit
1011 1697 1145 1760 odorem

236 1799 336 1863 Testa
359 1800 445 1863 diue

577 2013 693 2076 xrrss.

403 2154 465 2222 Ex
487 2153 611 2222 Paulo
636 2153 829 2242 vergerio.
841 2156 864 2235 ¹)

303 2315 387 2378 Illud
419 2314 583 2395 imprimis
608 2316 955 2390 animadvertendum,
986 2320 1076 2399 quod
1101 2338 1166 2381 non

216 2422 314 2484 modo
339 2421 465 2486 maiora
488 2422 545 2484 illa
568 2424 764 2504 praecepta,
789 2441 874 2502 quae
905 2423 1169 2505 provectioribus

215 2529 401 2605 traduntun
426 2529 484 2591 sed
509 2531 541 2591 et
566 2529 673 2608 prima
697 2547 831 2609 quoqne
860 2528 979 2593 artium
1004 2531 1169 2594 elementa

214 2635 254 2696 ab
279 2635 413 2715 optimis
431 2634 705 2716 praeceptoribus
726 2633 876 2715 accipere
894 2636 1056 2699 convenit.
1094 2637 1168 2713 Qua

215 2740 341 2804 ratione
365 2744 398 2804 et
423 2741 609 2822 Philippus,
635 2760 691 2803 rex
714 2741 941 2813 Macedonum,
966 2741 1089 2822 primas
1113 2743 1168 2806 lit-

214 2848 300 2910 teras
324 2847 365 2909 ab
390 2847 571 2910 Aristotele
595 2847 721 2909 discere
746 2846 974 2911 Alexandrum
997 2848 1111 2925 voluit,
1135 2852 1168 2912 et

214 2957 343 3016 veteres
361 2953 502 3016 Romani
530 2954 652 3016 liberos
676 2972 754 3016 suos
779 2953 911 3016 scboiae
937 2954 1168 3034 mancipantes

214 3060 248 3122 in
266 3060 407 3140 Vergilio
431 3059 573 3140 primum
592 3059 714 3122 erudiri
732 3060 893 3123 curabant
909 3061 1034 3141 optima
1053 3060 1168 3142 utique

215 3170 359 3245 ratione;
389 3187 465 3229 narn
493 3167 582 3247 quod
606 3166 730 3228 teneris
755 3165 922 3228 mentibus
946 3163 1081 3229 insitum
1107 3170 1168 3246 est,

128 3276 168 3335 ltt
213 3273 278 3335 alte
304 3272 430 3336 radices
456 3271 554 3335 mittit
571 3292 632 3334 nec
657 3272 753 3336 facile
774 3275 891 3353 postea
914 3272 1025 3334 divelli
1044 3274 1075 3335 ri
1102 3273 1168 3335 ulla

218 3382 338 3460 potest.
397 3379 483 3460 Ergo
519 3378 546 3440 si
584 3377 776 3442 melioribus
817 3377 912 3440 initio
951 3379 1159 3442 assueverint

215 3486 288 3548 illos
313 3486 484 3549 habebunt
508 3484 708 3566 praecipuos
733 3487 767 3547 et
791 3483 892 3546 reluti
917 3485 1058 3548 ducibus
1083 3504 1169 3547 sem-

215 3613 273 3674 per
310 3596 456 3656 utentur.
504 3593 537 3655 Si
571 3611 650 3655 rero
683 3610 813 3653 errores
845 3591 931 3654 ullos
967 3591 1168 3667 imbiberint,

214 3699 264 3761 bis
282 3698 406 3782 duplici
429 3701 580 3779 tempore
597 3716 682 3779 opus
706 3697 781 3775 erit,
806 3696 962 3776 primum,
988 3700 1024 3759 ut
1040 3716 1168 3759 errores

149 3810 163 3868 ἴ
215 3805 392 3879 excutiant,
417 3805 552 3880 deinde,
583 3809 617 3867 ut
650 3823 727 3866 rera
755 3807 934 3885 praecepta
965 3802 1168 3866 condiscant.

214 3914 320 3989 Quam
345 3915 388 3977 ob
414 3934 483 3975 rem
497 3908 737 3986 '1'i1notbeus2)‚
762 3909 909 3973 musicus
933 3929 993 3972 suo
1018 3912 1168 3990 tempore

214 4019 361 4095 illustris,
384 4017 590 4099 adiscipulis
611 4016 757 4098 quidem,
783 4016 840 4096 qui
865 4014 948 4078 nibil
972 4014 1061 4095 apud
1086 4013 1169 4077 alios

215 4125 453 4207 proiecissent,
486 4127 609 4187 certam
639 4123 871 4203 paciscebatur
895 4121 1097 4196 mercedem,
1127 4120 1168 4182 ab

215 4231 266 4293 bis
291 4251 383 4309 rero,
409 4231 465 4311 qui
491 4252 529 4293 ex
554 4230 628 4293 aliis
654 4228 825 4311 quippiam
864 4225 1083 4301 edidicerunt,
1109 4225 1169 4287 du-

124 4340 169 4402 ab
215 4337 303 4418 ptam
329 4337 490 4416 exigebat.

955 4439 996 4502 2*
