2632 4718
320 882 362 944 45
405 899 482 942 men
509 877 674 941 ediscunt.
720 874 788 941 Sed
817 874 891 937 esto
921 870 983 939 in.
1035 874 1232 955 Quomodo
1262 876 1300 939 de

405 982 619 1065 grammatica
658 980 793 1065 copiose
825 982 860 1043 et
897 976 993 1043 clare
1038 982 1154 1049 scribi
1192 981 1312 1049 carmin

407 1088 541 1171 potest?
591 1086 708 1153 Sciant
731 1084 921 1151 memoriter
943 1083 1211 1166 Alexandrum,
1237 1086 1312 1171 qnid

408 1214 498 1259 mum
534 1193 720 1276 profecere,
754 1210 831 1256 cum
865 1208 933 1255 non
960 1190 1204 1277 intelligant?
1252 1194 1305 1273 „ln

408 1304 518 1382 geirt‘ss
550 1300 719 1381 inquiunt,
754 1294 968 1381 ,paulatim“.
1018 1296 1227 1383 Quousque
1260 1304 1313 1364 ta

324 1408 367 1471 50
409 1406 495 1470 Num
518 1406 561 1470 ad
583 1404 732 1482 tertium,
756 1422 835 1467 num
855 1400 899 1467 ad
914 1404 1094 1485 quartum.
1123 1424 1212 1471 num
1236 1406 1313 1487 adq

410 1517 480 1576 tum
503 1515 676 1576 sextumve
702 1528 828 1575 annum
848 1506 1067 1589 intelligenti
1109 1512 1166 1575 Do
1184 1512 1249 1577 tibi
1271 1530 1310 1575 no

410 1616 533 1697 ingenii
556 1635 699 1697 puerum
724 1634 785 1680 nec
808 1616 922 1679 tamen
937 1612 1116 1697 intelliget
1141 1636 1230 1699 prae
1252 1616 1295 1683 ol>

412 1721 567 1786 carminis
590 1722 764 1785 brevitate.
807 1721 856 1785 tlo
879 1720 996 1783 tardae
1020 1722 1176 1788 mentis:
1200 1742 1314 1807 sempe

411 1832 471 1891 tuo
486 1828 678 1893 Alexandro
701 1826 894 1891 morabitur.
930 1826 981 1889 lla
1002 1826 1089 1891 milri
1116 1830 1159 1893 tu
1188 1828 1315 1911 qualiec

326 1934 369 1998 55
412 1954 478 2016 qne
495 1933 620 2015 ingenii
637 1938 763 2014 tuoque
779 1932 937 1997 idoneum
954 1930 1174 1999 Alexandro:
1191 1936 1301 2001 antet

412 2041 504 2104 nium
529 2040 591 2104 hac
616 2058 702 2104 nora
724 2038 963 2121 praeceptione
987 2035 1263 2106 declinationem
1284 2060 1316 2104 n·

413 2166 494 2209 num
519 2149 553 2209 et
578 2164 710 2223 ponera,
734 2144 915 2226 praeterita
937 2144 971 2207 et
993 2140 1130 2218 supina,
1159 2150 1195 2210 et
1215 2148 1310 2211 const

413 2253 539 2315 tionem
563 2253 646 2315 sciat
664 2250 792 2328 melius,
809 2270 909 2332 quam
927 2252 1015 2313 tuus.
1056 2249 1215 2326 „ldem“,
1245 2252 1305 2333 inq

416 2378 495 2436 ,ego
513 2357 704 2438 polliceor“.
747 2357 938 2439 Numquam
956 2354 1110 2419 servabis
1134 2358 1303 2437 pollicita.

327 2462 372 2525 60
414 2465 479 2527 erit
503 2467 580 2526 tuus
604 2465 687 2527 adeo
712 2463 846 2545 elegans
870 2465 902 2526 et
925 2462 1092 2543 copiosae,
1117 2464 1156 2525 ut
1183 2484 1294 2528 meus.

412 2589 477 2632 non
503 2568 600 2631 modo
626 2588 741 2643 unum,
765 2570 825 2632 sed
849 2587 950 2649 quam
979 2566 1145 2648 plurimos
1169 2588 1286 2652 aequo

412 2693 506 2737 cesso
531 2673 666 2738 docebo
710 2673 762 2737 Tu
785 2692 876 2747 vcro,
901 2673 929 2736 si
950 2672 1042 2736 voles
1066 2674 1135 2735 tam
1160 2674 1236 2739 cito
1254 2675 1316 2738 do

413 2799 481 2842 non
504 2779 628 2860 poteris
653 2779 714 2842 nisi
737 2797 860 2859 paucos
884 2782 917 2842 et
941 2797 997 2842 eos
1021 2777 1160 2859 quidem
1185 2781 1232 2844 ad
1257 2780 1305 2843 rel

413 2886 523 2947 rudes.
560 2885 604 2948 At
621 2884 686 2949 ista
707 2886 807 2948 missa
824 2883 1000 2948 faciamus!
1031 2882 1120 2960 Quid
1136 2884 1223 2948 milri
1242 2905 1316 2949 res

328 2989 371 3054 65
413 2990 495 3053 des?
523 2991 692 3054 Probasne
711 2991 938 3054 Alexandrum
964 2989 1082 3053 tuum?
1110 2988 1242 3067 „Non“,
1260 2992 1312 3055 in

415 3096 616 3173 „mendosus
633 3100 682 3159 est
702 3097 836 3160 enimet
852 3095 997 3161 difficilis
1014 3099 1049 3159 et
1066 3096 1268 3159 obscurus“.
1301 3102 1316 3129 '⁴

413 3221 545 3265 rursus:
585 3202 779 3284 Numquid
815 3202 893 3267 mali
927 3205 1079 3267 auctores
1114 3200 1248 3282 legendi
1279 3222 1296 3265 s

413 3306 577 3389 Abnegas.
607 3308 642 3371 Si
660 3308 849 3373 Alexander
873 3309 1052 3372 mendosus
1076 3308 1128 3371 est
1151 3309 1184 3369 et
1201 3306 1310 3372 obscu

414 3432 524 3477 nonne
555 3414 685 3478 malus?
732 3414 799 3478 Cur
828 3415 929 3496 igitur
958 3415 1081 3479 malum
1109 3410 1206 3491 legis,
1243 3411 1314 3476 nisi

329 3517 372 3581 70
412 3517 528 3582 innata
554 3518 729 3584 vecordia?
776 3519 896 3582 Nonne
922 3518 1016 3583 vides
1042 3516 1270 3581 Alexandrum
1311 3544 1316 3572 ι

414 3622 616 3704 quibusdam
640 3624 714 3688 aliis
730 3627 982 3706 grammaticam
1005 3629 1039 3689 et
1056 3622 1188 3703 ingenia
1204 3623 1298 3686 homi

413 3729 680 3793 contaminasse?
727 3730 869 3799 Scimus.
894 3750 994 3812 quam
1020 3729 1145 3793 indocti
1170 3728 1300 3793 suerint

413 3833 576 3915 perimes.
611 3837 702 3918 apud
726 3856 810 3917 quos
827 3836 889 3900 luit
911 3837 945 3900 in
963 3836 1073 3918 prelio
1089 3835 1294 3899 Alexander.

413 3942 490 4003 ante
513 3959 589 4003 cum
613 3941 707 4005 fuere
723 3943 950 4007 eruditissimi.
993 3944 1062 4006 Nos
1081 3940 1203 4024 perditi
1229 3940 1302 4022 lega

330 4045 372 4108 75
413 4044 651 4121 Alexandrum,
671 4047 818 4127 legamus
836 4048 1078 4124 Graecismum,
1095 4048 1245 4131 legamus
1263 4047 1311 4110 Μ

23 4194 59 4229 ·.=
413 4148 635 4232 significandi,
659 4152 716 4233 qui
741 4153 886 4217 reddunt
905 4153 1121 4218 indoctiorem
1138 4153 1173 4215 et
1189 4149 1306 4216 stultio

3 4307 4 4322 .
155 4306 159 4311 .
244 4304 382 4368 Α
412 4256 675 4337 adolescentem,
697 4276 800 4338 quam
830 4258 1032 4341 acceperint.
1082 4258 1124 4322 Et
1153 4256 1246 4339 quod
1269 4276 1311 4338 ge
