2632 4718
610 713 827 776 ..38-

256 887 320 952 Hic
344 887 378 952 in
403 885 570 971 principio
593 887 724 952 coelum
747 887 939 968 terramque
962 886 1098 966 creavit,

301 993 364 1058 Hic
388 992 487 1058 etiam
510 995 644 1058 vastum
668 992 818 1058 condidit
840 992 1021 1056 Oceanum.

256 1101 348 1166 Fecit
371 1102 405 1165 et
427 1100 594 1182 angelicas
618 1099 690 1163 sine
713 1099 801 1164 mole
824 1101 858 1164 et
881 1097 1019 1181 corpore
1044 1103 1182 1174 mentes.

192 1210 232 1272 10
301 1206 473 1289 Quidquid
497 1205 624 1289 ubique
647 1207 751 1289 patet,
775 1203 940 1288 quidquid
963 1203 1088 1287 ubique
1112 1207 1200 1271 latet.

256 1313 421 1378 Praelecit
443 1311 574 1377 cunctis
597 1311 750 1376 homines
774 1310 1001 1376 animantibus
1026 1315 1142 1376 auctor
1245 1343 1249 1351 ·

300 1418 342 1482 Et
365 1418 457 1483 dedit
480 1418 523 1484 ad
546 1418 656 1484 coelos
680 1437 739 1483 ora
762 1417 873 1482 levare
897 1436 968 1482 sua.

256 1524 318 1589 His
341 1525 546 1590 immortales
570 1523 708 1601 animos,
733 1523 786 1587 bis
810 1542 948 1589 munera
971 1524 1102 1607 linguae

302 1629 486 1710 Praestitit,
510 1629 563 1695 his
586 1649 727 1717 superos
749 1628 879 1696 addidit
902 1629 958 1694 ille
981 1630 1092 1695 duces.

192 1738 231 1801 15
256 1736 327 1800 Hos
350 1736 551 1802 habitatores
575 1735 689 1818 posuit
712 1735 867 1801 felicibus
890 1736 996 1801 bortis

301 1843 403 1908 Iussit
426 1845 459 1909 et
481 1842 663 1926 ingenuum
688 1843 911 1925 multiplicare
934 1863 1048 1926 genus.

258 1950 339 2014 Inde
365 1950 440 2015 dolo
463 1950 579 2033 pulsos
603 1951 637 2015 et
660 1949 696 2015 in
718 1949 827 2015 hostis
850 1949 922 2014 iure
946 1950 1098 2016 redactos
1225 2011 1228 2016 ,

303 2055 434 2140 Eripuit
459 2055 622 2136 dominus,
646 2057 773 2139 virgine
797 2057 906 2122 lactus
930 2056 1039 2122 homo.

259 2164 330 2228 Sub
355 2164 441 2228 servi
466 2164 578 2246 specie
602 2163 700 2229 latuit
723 2165 879 2246 regnator
903 2162 1046 2247 Olympi,

190 2272 235 2334 ⁴20
304 2269 447 2335 Pertulit
468 2271 615 2335 humano
638 2270 783 2354 plurima
807 2289 898 2334 more
922 2271 1031 2334 mala·

260 2377 341 2440 Post
364 2378 473 2442 varias
495 2378 630 2442 tandem
653 2395 778 2459 poenas
802 2377 984 2459 asperrima
1009 2379 1104 2442 nobis

300 2483 382 2548 Fata
406 2484 514 2547 crucis
539 2483 650 2560 subiit,
676 2484 847 2549 daemonis
871 2504 961 2548 arma
986 2485 1102 2565 ligans.

258 2588 436 2671 Discipulis
461 2610 587 2655 sacram
611 2590 716 2672 legem
739 2609 925 2672 pacemque
950 2591 1093 2673 reliquit,

302 2696 465 2761 Omnibus
489 2698 523 2761 in
548 2697 677 2761 coelum
701 2718 776 2762 mox
800 2696 958 2778 patefecit
982 2697 1055 2761 iter.

190 2805 232 2866 25
257 2802 403 2884 Spiritus
427 2802 505 2867 hinc
529 2822 689 2884 superum
714 2804 803 2867 celsa
827 2802 997 2867 descendit
1021 2804 1062 2867 ub
1087 2824 1161 2868 arce

303 2908 539 2992 virtutumque.
563 2909 629 2990 piis
654 2909 798 2974 maxima
821 2910 908 2974 dona
931 2910 1017 2973 tulit.

262 3015 417 3097 Ingratus
441 3014 582 3080 nimium
606 3035 667 3080 nec
690 3020 778 3080 terra
802 3017 922 3097 dignus
946 3020 979 3079 et
1003 3036 1092 3093 aura,

305 3121 466 3205 Quisquis
489 3122 521 3186 in
548 3126 718 3187 auctorem
742 3122 853 3205 turpia
877 3121 964 3187 lacta
988 3143 1095 3205 paras,

259 3228 379 3292 Nonne
404 3229 466 3295 tibi
490 3229 616 3312 pariter
640 3230 815 3311 mutusque
841 3229 1021 3311 asinusquc
1045 3230 1217 3294 laborant?

191 3336 234 3399 30
302 3336 422 3400 Nonne
445 3336 505 3401 tibi
530 3336 640 3418 fruges
664 3336 751 3400 laeta
775 3322 940 3400 ministrat
964 3337 1132 3401 burnus?¹

257 3442 410 3506 Frondea
435 3442 518 3507 silra
541 3442 615 3523 tibi,
639 3445 762 3526 pontus
786 3442 847 3506 libi
871 3442 973 3506 servit
997 3445 1031 3506 et
1055 3452 1121 3523 aer,

302 3549 453 3615 Illustrat
476 3552 606 3615 noctem
631 3549 806 3632 Cynthia¹l
831 3551 955 3632 Solque
980 3549 1079 3614 diem.

259 3655 366 3733 Quam
391 3655 499 3721 varias
523 3657 685 3732 dominus
708 3677 810 3740 quam
834 3657 992 3739 pulchras
1016 3655 1116 3720 edidit
1141 3658 1240 3727 artes,

304 3762 354 3826 Ne
378 3765 512 3845 torpore
535 3763 597 3828 tibi
622 3763 689 3829 vita
713 3764 836 3828 iaceret
859 3764 965 3827 iners!

193 3869 233 3932 35
260 3866 398 3933 Custodi
423 3870 545 3950 legem3
569 3873 679 3952 grates
703 3869 731 3934 si
756 3872 885 3936 solvere
909 3869 1027 3943 nescis,

301 3974 347 4038 At
371 3995 461 4054 cura,
486 3976 612 4041 oblitus
636 3997 678 4042 ne
702 3977 835 4041 videare
859 3977 929 4041 dei!
