2632 4718
514 746 756 820 -113-

191 929 230 994 ln
253 929 280 993 B
305 930 508 1013 angehungt:

292 1069 506 1139 Revocatio
529 1068 696 1139 loannis
718 1068 942 1138 Murmellii.
952 1071 979 1156 1)

304 1195 393 1259 Usus
417 1197 467 1259 esi
491 1195 555 1259 isla
572 1195 783 1260 revocatione
801 1197 947 1259 loannes
963 1196 1171 1260 illurmellius

214 1300 249 1363 in
274 1301 527 1365 deleslalionem
553 1304 584 1365 el
610 1303 882 1383 suppressionem
900 1320 1036 1365 suarum
1059 1303 1171 1366 invec-

212 1406 356 1470 {irarum
382 1428 565 1488 eorumque
582 1408 742 1481 omniun,
767 1426 852 1488 quae
876 1408 954 1471 olim
980 1407 1093 1471 minus
1117 1427 1171 1471 sa·

211 1512 342 1596 pienler
358 1515 547 1595 composuit
564 1534 602 1577 ac
619 1513 763 1594 imprimi
788 1514 866 1576 feeit
882 1514 916 1576 in
933 1513 1170 1577 contumeliam

142 1619 162 1681 5
209 1618 362 1682 Tirnonni
389 1619 574 1695 Camerini,
598 1619 660 1682 riri
683 1619 973 1700 praestanlissimi
998 1622 1031 1682 el
1051 1619 1169 1700 optimi

211 1743 248 1787 ac
273 1725 341 1788 ludi
360 1725 632 1789 lionasleriensis
649 1725 919 1806 gymnasiorclrae
943 1725 1118 1788 clarissimi
1136 1726 1170 1788 el

209 1831 251 1893 de
267 1831 394 1911 oplirno
411 1851 545 1912 quoque
562 1851 663 1911 quam
678 1832 803 1912 optime
820 1830 940 1894 merili.
972 1831 1061 1907 Quid
1079 1830 1168 1893 enim

210 1940 261 2000 esi
285 1936 386 2013 aliud,
410 1938 516 2000 bonos
541 1937 683 2015 laedere,
707 1957 808 2018 quam
832 1956 908 2001 eum
927 1936 1054 2000 ralione
1078 1935 1168 2000 insa-

211 2043 333 2107 niendo
357 2043 587 2106 lroloeouslum
605 2042 719 2106 inieris
735 2042 876 2106 offerre?
907 2042 1049 2118 Quodsi
1072 2042 1169 2106 mulli

125 2148 167 2211 10
212 2149 527 2221 animadverterent,
545 2150 641 2230 longe
659 2149 885 2230 praeslanlius
903 2148 1168 2212 Christianorum

214 2273 267 2317 res
292 2255 427 2335 publica
450 2255 704 2336 gubernaretur,
728 2273 813 2336 quoe
831 2255 954 2318 nostris
978 2254 1068 2317 lrisce
1084 2255 1169 2316 lem-

211 2359 350 2441 poribus
373 2361 476 2442 magis
501 2360 665 2442 sapientia
696 2360 839 2441 indiget,
867 2380 967 2441 quarn
991 2378 1076 2424 vana
1099 2360 1168 2423 elo·

208 2466 354 2546 quentia.
402 2467 488 2530 Nam
512 2469 599 2531 lesle
624 2465 922 2530 lla1·sili0Fieirro:

261 2572 357 2650 „Non
381 2575 493 2636 cortex
517 2573 634 2645 nulril,
659 2573 717 2635 sed
742 2572 886 2635 medulla
910 2574 993 2634 elc.“

210 2749 384 2813 loannes
414 2748 670 2812 lllurmellius
694 2748 890 2811 Timanno
920 2767 991 2811 suo
1022 2746 1166 2811 Camo-

546 2874 643 2918 nero
668 2854 702 2917 S.
727 2855 764 2917 Ρ.
790 2854 827 2916 D.

299 2979 440 3043 Oralum
464 2981 497 3042 le
521 2979 635 3054 velim,
660 2977 823 3040 Timarmo
846 2975 1102 3053 humanissime,
1127 2977 1164 3039 ul

210 3084 374 3167 quidquid
391 3083 618 3167 superioribus
635 3083 732 3147 annis
756 3084 791 3146 in
809 3085 841 3146 le
864 3086 1023 3163 tuamque
1042 3082 1164 3146 famam

208 3194 278 3255 lum
296 3190 416 3269 verbis
440 3195 513 3255 lum
530 3191 625 3254 saelis
650 3194 760 3253 reciae
777 3188 917 3252 rationis
940 3188 1063 3251 oblilus
1087 3206 1165 3268 pec-

207 3297 360 3375 caverim,
384 3297 417 3361 iel
441 3317 540 3362 omne
564 3298 606 3360 ob
631 3296 685 3360 dei
710 3314 856 3359 amorem
880 3295 960 3357 milri
985 3293 1163 3357 condones.

141 3406 160 3467 5
208 3404 245 3467 In
271 3404 384 3467 libello
401 3405 557 3485 quodam,
583 3402 640 3485 qui
664 3422 754 3465 nunc
770 3398 1009 3483 Agrippinensi
1025 3398 1165 3463 Colonia

207 3510 294 3593 lypis
318 3511 430 3574 aeneis
448 3509 633 3583 excuditur,
658 3506 839 3571 honorifice
864 3506 913 3569 lui
936 3504 1078 3569 nominis
1095 3524 1165 3568 me·

206 3617 287 3680 mini
311 3618 344 3681 et
371 3616 511 3697 posthac
541 3615 602 3679 (leo
636 3614 772 3677 iurante
802 3611 1000 3689 meminero,
1030 3629 1164 3691 quoque

205 3724 304 3787 eliam
331 3726 497 3786 terrarum
525 3741 578 3785 me
606 3719 791 3784 contulero.
838 3716 934 3780 Vale!
971 3717 1072 3780 Sexlo
1096 3716 1164 3779 Ka·

207 3831 321 3894 londos
345 3828 490 3910 Apriles
521 3846 609 3890 anno
632 3823 829 3890 lllcooecxiii.

521 3968 734 3978 ——--—.

296 4060 501 4140 impressum
540 4059 591 4118 est
624 4056 687 4118 lroe
715 4051 914 4133 opusculum
940 4050 1097 4114 Coloniae
1127 4049 1162 4112 in

206 4165 345 4230 aedibus
370 4160 612 4241 ererrleliarri5‚
637 4179 724 4224 anno
749 4155 966 4222 licececxriii.

968 4424 997 4489 Q
