2632 4718
626 614 846 679 ,ῃ-

298 792 528 875 requiruntur,
551 791 642 858 hunc
662 791 706 858 ad
722 792 816 870 alios,
840 791 897 877 qui
913 791 954 856 de
969 811 1009 857 ea
1024 811 1060 856 re
1077 790 1272 875 diligentius

299 899 515 983 seripserunt,
546 899 708 981 relegans
737 919 823 981 quae
847 899 914 964 sint
936 898 1026 964 illius
1053 897 1176 978 officia,
1207 917 1271 980 pro

297 1006 454 1089 ingenioli
477 1004 543 1070 mei
565 1004 732 1071 tenuitate
759 1005 795 1070 in
817 1005 881 1070 hoc
908 1005 1070 1088 opusculo
1098 1008 1271 1087 utcunque

296 1112 467 1197 explicavi,
481 1112 571 1195 quod
583 1112 725 1197 proinde
737 1112 1027 1192 „scholasticorum
1040 1112 1268 1178 enchiridion“

211 1222 254 1285 30
295 1218 434 1284 inscribi
460 1218 596 1304 placuit.
643 1219 682 1283 Id
714 1221 842 1298 autem,
873 1218 1073 1302 qualequale
1104 1222 1171 1301 est,
1207 1219 1272 1284 tibi

298 1325 430 1406 dedico,
458 1325 621 1391 Timanne
644 1325 896 1405 humanissime,
924 1326 1000 1409 qui,
1028 1325 1180 1391 doctrina
1203 1345 1272 1391 non

297 1433 426 1516 vulgari
463 1452 660 1516 summaque
695 1452 807 1497 rerum
844 1433 1050 1516 experientia
1087 1431 1271 1516 praeditus

297 1540 495 1605 litterarium
511 1540 601 1623 apud
616 1539 733 1603 urbem
750 1539 1045 1604 Monasteriensem
1060 1539 1272 1622 gymnasium

298 1645 476 1711 scitissime
491 1646 571 1711 olim
588 1645 905 1729 diligentissimeque
921 1665 996 1711 cum
1008 1647 1152 1711 maxima
1166 1646 1273 1728 gloria

210 1753 251 1817 35
295 1755 330 1817 et
361 1753 487 1818 honore
517 1751 701 1818 moderaris
732 1751 858 1835 quique
889 1753 1058 1818 auditores
1087 1755 1163 1817 tuos
1194 1772 1273 1817 cum

297 1860 449 1942 probatis
483 1858 672 1925 litterarum
705 1858 912 1943 praeceptis,
946 1863 1018 1924 tum
1051 1859 1273 1925 sanctissimis

299 1986 429 2033 morum
463 1965 587 2050 regulis
621 1966 738 2032 sedulo
772 1965 921 2031 instituis
953 1970 1055 2050 atque
1085 1967 1271 2049 componis.

301 2075 407 2157 Spero
420 2073 584 2156 equidem,
602 2075 634 2138 te
645 2091 707 2157 pro
719 2073 822 2138 veteri
839 2075 897 2138 tua
913 2073 1102 2156 prudentia,
1118 2072 1272 2155 quamvis

300 2181 396 2264 longe
431 2181 569 2246 meliora
601 2181 828 2263 promerueris
867 2199 1018 2258 munera,
1058 2179 1120 2246 hoc
1157 2182 1273 2245 tamen

211 2289 256 2353 40
298 2287 536 2353 munusculum
565 2306 632 2352 non
659 2307 699 2351 ex
723 2285 794 2351 eius
817 2287 942 2370 pretio,
973 2287 1034 2351 sed
1061 2307 1101 2351 ex
1130 2287 1272 2351 dicentis

299 2395 410 2460 animo
433 2395 620 2478 spectatum
643 2392 693 2457 ire
716 2396 749 2458 et
765 2394 854 2476 quod
870 2394 905 2457 in
922 2393 1139 2458 scholasticae
1155 2395 1272 2458 iuven-

299 2502 382 2567 tutis
404 2501 588 2586 protectum
612 2501 804 2566 elucubravi
838 2500 916 2566 boni
945 2501 1111 2583 aequique
1137 2500 1272 2565 consul-

299 2609 411 2673 turum
441 2628 523 2674 esso.
570 2608 663 2689 Vale,
697 2608 749 2672 vir
775 2607 1031 2688 litteratissime,
1065 2610 1099 2671 et
1128 2625 1198 2688 me,
1233 2611 1272 2672 ut

301 2716 398 2795 soles,
421 2715 511 2781 ama!
