2632 4718
111 354 119 363 .

544 600 676 667 „⁴45
721 641 766 651 ..

209 781 266 864 qui
296 781 496 864 ,Sophista“
521 780 729 863 inscribitur,
754 802 820 848 non
845 786 1094 865 praeceptores,
1126 782 1185 848 sed

208 890 402 954 seductores
433 908 472 953 ac
503 889 772 973 praestigiatores
801 889 949 972 appellat
977 890 1029 954 his
1058 891 1184 954 rer-bis:

210 996 435 1075 „Seductores
466 998 562 1078 quasi
600 997 786 1079 praestigiis
819 997 1018 1080 quibusdam
1052 1000 1185 1061 utentes

207 1103 478 1167 adulescentulos
503 1103 619 1185 procul
643 1125 662 1169 a
685 1106 824 1168 veritate
849 1123 960 1167 rerum
984 1104 1093 1168 adhuc
1117 1106 1185 1168 exi-

115 1209 160 1273 35
207 1213 336 1274 stentes
372 1209 574 1292 decipiunt.“
632 1211 773 1275 Maxime
808 1211 907 1275 etiam
943 1210 1067 1275 vitandi
1107 1215 1185 1275 sunt

206 1317 342 1396 gloriosi
379 1316 515 1398 quidam
548 1318 716 1394 homines,
752 1318 826 1400 qui,
862 1321 898 1381 ut
934 1316 1091 1402 Fabiust)
1127 1319 1184 1396 ait,

210 1424 368 1504 ,paulum
405 1423 530 1506 aliquid
565 1425 654 1490 ultra
688 1424 814 1508 primas
851 1424 978 1490 litteras
1017 1427 1184 1507 progressi

207 1530 324 1594 falsam
350 1531 413 1595 sibi
438 1531 594 1596 scientiae
617 1533 867 1614 persuasionem
883 1533 1074 1596 induerunt.
1100 1532 1185 1596 Nam

207 1641 242 1701 et
265 1638 385 1702 cedere
408 1638 638 1721 praecipiendi
663 1638 778 1720 peritis
802 1639 1016 1721 indignantur
1040 1641 1073 1703 ct
1094 1640 1185 1703 velut

113 1746 160 1810 40
207 1746 281 1810 iure
313 1746 459 1826 quodam
488 1745 681 1826 potestatis,
718 1766 784 1830 quo
821 1745 889 1810 fere
921 1747 982 1810 hoc
1014 1745 1184 1810 hominum

206 1871 311 1934 genus
328 1852 529 1932 intumescit,
545 1853 717 1935 imperiosi
734 1857 836 1936 atque
849 1854 984 1919 interim
997 1855 1183 1920 saevientes

207 1960 385 2024 stultitiam
414 1979 506 2024 suam
538 1961 750 2042 per·docent.“
783 1999 825 2006 -
857 1963 925 2026 Sed
949 1981 1009 2024 uec
1033 1961 1081 2024 illi
1105 1980 1183 2042 pro-

205 2067 309 2131 bandi
334 2069 422 2141 sunt,
448 2068 515 2150 qui,
541 2068 602 2131 etsi
627 2067 708 2148 satis
733 2067 868 2132 litterati
893 2069 1069 2145 habentur,
1095 2073 1183 2132 recte

207 2176 322 2238 tamen
346 2193 469 2255 pueros
487 2193 553 2237 non
569 2173 760 2254 instituunt,
785 2177 844 2239 sed
860 2176 1003 2240 libenter
1020 2174 1183 2255 detinent,

135 2284 154 2337 ·'
208 2280 333 2363 partim
378 2281 563 2363 eupiditate
609 2281 736 2346 diutius
775 2283 925 2361 exigendi
965 2283 1183 2362 mercedulaS,

209 2388 332 2470 partim
356 2387 552 2459 ambitione,
585 2408 651 2471 quo
681 2387 848 2452 difficilius
878 2389 936 2467 sit,
969 2389 1059 2470 quod
1087 2388 1184 2469 polli-

208 2497 336 2561 centur.
361 2497 394 2559 et
417 2498 453 2558 ut
477 2495 618 2560 diffusae
643 2496 813 2561 doctrinae
837 2496 1012 2577 variaeque
1031 2495 1182 2559 lectionis

207 2601 404 2679 videantur,
450 2602 571 2685 partim
621 2603 720 2667 etiarn
762 2602 893 2667 inscitia
934 2603 1088 2666 tradendi
1130 2604 1182 2666 rel

209 2709 420 2790 negligentia.

615 2925 695 2989 XVl.

190 3082 329 3176 Qualis
353 3084 405 3153 sit
427 3083 557 3154 bonus
581 3086 818 3170 praeceptor
841 3087 881 3152 et
905 3101 1007 3171 quae
1032 3083 1112 3152 sint

527 3189 611 3259 eius
635 3189 776 3259 officia.

207 3352 321 3417 Bonus
346 3356 543 3435 praeceptor
567 3357 598 3417 et
627 3353 763 3433 dignus,
794 3353 850 3434 qui
880 3354 994 3433 pueris
1025 3354 1181 3418 docendis

208 3459 432 3542 praeficiatur,
456 3460 496 3523 sit
522 3460 681 3541 singulari
709 3460 829 3524 virtute
858 3463 890 3522 et
914 3461 1063 3525 doctriua
1086 3481 1181 3544 prae-

209 3568 313 3645 dirus,
352 3587 427 3631 cum
457 3588 476 3632 a
507 3567 682 3635 sermonis,
722 3570 794 3631 tum
831 3568 971 3632 maxime
1003 3589 1022 3632 a
1054 3587 1180 3632 morum

208 3674 362 3739 barbarie
376 3674 513 3754 alienus
525 3675 712 3738 studiorum
725 3675 940 3739 humanitatis
951 3675 1180 3756 peritissimus,

139 3785 155 3841 .'
210 3803 269 3846 nec
294 3781 376 3846 sciat
400 3784 497 3846 modo
521 3784 593 3864 ipse
618 3786 715 3855 artes,
739 3803 852 3846 rerum
878 3783 979 3847 etiarn
1002 3783 1179 3863 diligentia,

208 3890 307 3954 modo
336 3892 368 3953 et
400 3889 525 3953 ratione
555 3891 681 3969 optima
709 3889 743 3954 in
772 3889 943 3954 tradendis
968 3890 1033 3953 illis
1058 3893 1178 3954 utatur.

210 3997 333 4061 Car-'eat
357 3997 531 4077 imprimis,
556 4017 607 4066 ne,
633 4002 669 4061 ut
694 3997 844 4079 plerique
861 3997 995 4069 iaciunt,
1022 4018 1180 4078 superra-

209 4105 321 4168 caneis
357 4105 620 4167 rudimentorum
657 4105 888 4185 grammatices
923 4105 1113 4186 praeceptis
1146 4107 1180 4167 et

209 4211 339 4276 diffusis
374 4209 539 4292 variisque
571 4211 790 4291 plurimorum
822 4212 1057 4275 vocabulorum
1093 4209 1180 4276 circa
