2632 4718
528 725 745 788 ,97-

212 901 370 965 lenaciler
387 903 547 971 conlinel¹
572 922 658 982 quae
675 899 800 970 didicit,
826 901 862 962 nl
878 898 1025 961 omnium
1041 896 1166 961 iudicio

214 1008 393 1085 reminisci,
418 1028 485 1072 non
509 1009 636 1071 discere
660 1007 822 1070 rideatur.
863 1005 929 1069 Sed
952 1024 1018 1086 quo
1042 1003 1167 1067 facilior

124 1117 166 1178 10
211 1119 262 1177 est
292 1115 412 1178 dacius
443 1114 668 1195 memoriaque
703 1111 866 1189 tenacior,
903 1130 942 1173 eo
972 1109 1033 1174 libi
1063 1109 1167 1189 magis

211 1220 446 1298 annitendum,
472 1223 507 1283 ul
531 1219 714 1299 laniisper,
740 1219 819 1281 dum
843 1236 924 1298 puer
948 1220 999 1281 esl
1023 1236 1083 1279 nec
1107 1234 1168 1297 per

215 1329 357 1389 aelalem
383 1327 472 1406 apud
496 1347 549 1388 me
573 1345 646 1388 esse
670 1326 800 1406 polest,
825 1322 908 1386 nihil
933 1317 1053 1399 discat,
1077 1321 1168 1403 qaod

220 1432 263 1495 sil
280 1434 395 1513 postea
413 1431 659 1495 dediscendum.
690 1431 750 1493 Vix
767 1429 893 1499 credas,
911 1429 959 1492 rir
976 1428 1170 1506 clarissime,

216 1557 317 1619 quam
342 1559 380 1601 ea
412 1557 463 1599 res
488 1538 599 1600 obstet
629 1537 769 1600 rudibus
802 1534 943 1617 ingeniis
974 1534 1169 1616 praesertim

126 1649 165 1708 15
213 1645 247 1707 in
270 1643 376 1726 primo
401 1644 588 1706 lillerarum
612 1641 780 1720 lirocinio,
809 1645 847 1704 ul
883 1641 987 1703 mullo
1011 1638 1168 1703 conduci-

214 1750 313 1813 bilius
346 1750 386 1812 sil
418 1750 509 1813 aliud
545 1748 614 1830 agi,
646 1768 745 1830 quam
781 1768 820 1811 ea
848 1746 969 1810 leneris
1001 1746 1168 1809 mentibus

212 1855 386 1933 inculcari,
423 1876 509 1937 quae
546 1875 613 1917 non
648 1875 751 1936 parvo
786 1852 947 1936 temporis
984 1852 1168 1934 dispendi0,

213 1963 313 2025 tacila
338 1961 537 2025 discentium
559 1962 803 2042 desperalione,
828 1980 889 2042 per
913 1957 1020 2022 minas
1046 1959 1079 2020 el
1095 1977 1169 2021 rer-

216 2070 296 2131 bera
329 2069 395 2131 sinl
427 2069 598 2131 interdum
629 2066 748 2131 animis
777 2067 950 2130 abolenda.
999 2066 1064 2128 Sed
1089 2063 1170 2127 salis

128 2177 170 2236 ‘20
217 2177 268 2236 esl
292 2193 397 2255 puero
423 2178 556 2237 cautum
589 2177 640 2253 (ul
664 2173 744 2237 milri
770 2172 922 2251 dicitur),
955 2172 1050 2234 cuius
1074 2170 1170 2232 insli-

218 2282 302 2344 lulio
327 2281 356 2344 ei
381 2280 507 2343 credila
539 2283 607 2358 est,
639 2299 746 2360 aquo
777 2268 859 2342 uilril
888 2298 1022 2341 manare
1053 2277 1170 2358 possil,

218 2388 307 2469 quod
343 2407 409 2451 non
441 2387 597 2449 Latinum
637 2386 680 2448 sil
715 2389 746 2448 el
782 2386 925 2465 elegans.
983 2383 1093 2460 Quare
1129 2383 1171 2445 da

218 2512 372 2573 operam,
402 2497 436 2555 ul
470 2493 667 2574 praeceplor
689 2491 786 2572 paeri
816 2490 858 2553 sil
882 2490 942 2554 libi
966 2509 1065 2571 quam
1090 2487 1170 2550 arni-

217 2600 387 2663 cissimusl
435 2600 570 2662 Confert
602 2619 669 2662 non
698 2618 815 2679 parum
850 2597 998 2660 docentis
1022 2595 1170 2659 eludium

130 2710 171 2768 ‘25
219 2707 434 2769 disccnlilms.
461 2707 518 2769 sed
545 2706 620 2786 plus
644 2704 743 2768 animi
768 2703 918 2768 alieclus
963 2703 1057 2766 Vale!

581 2951 691 3013 XXXI.

132 3093 194 3160 Ex
217 3093 392 3179 quadam
417 3091 586 3178 epistola
609 3091 788 3159 eiusdem
812 3090 864 3159 ad
887 3090 1105 3159 Bonfinem.
1116 3093 1141 3174 ¹)

305 3253 411 3334 Cupio
442 3251 483 3316 ad
516 3254 596 3315 lracc
626 3253 697 3333 pari
734 3252 844 3315 simlio
877 3253 1004 3314 Graeca
1037 3251 1171 3327 imilari,

218 3361 253 3421 ul
278 3360 428 3440 quolidie
454 3359 579 3440 aliquid
604 3359 727 3422 scribat
752 3363 785 3423 cl
811 3358 934 3420 Graece
965 3378 1024 3422 nec
1049 3359 1172 3422 ‹liulius

215 3465 321 3547 (quod
344 3468 386 3529 ad
409 3468 553 3528 celerum
572 3465 794 3529 crudiliouem
813 3465 949 3546 allinel)
974 3465 1071 3527 velim
1096 3485 1170 3527 oum

218 3572 252 3634 in
288 3573 521 3653 grammaticae
557 3571 822 3653 ‹lirrrr‘rsliuoculis
862 3571 1039 3634 immorari.
1103 3571 1172 3633 lam

154 3681 172 3741 ἴ)
221 3681 354 3760 [empus
371 3682 432 3755 esi,
458 3682 492 3741 ul
511 3679 692 3742 maioribus
718 3680 897 3748 assuescal,
921 3696 1023 3756 quare
1040 3676 1170 3739 livium

216 3785 317 3848 velim
342 3785 389 3848 illi
414 3785 464 3848 rel
492 3785 700 3849 liaclanlium
726 3781 883 3866 proponi,
908 3785 997 3846 undo
1023 3783 1171 3864 pleniore

216 3891 339 3954 haustu
358 3891 489 3955 lraurial
508 3891 743 3972 eloquentiam.
773 3889 863 3954 Salis
880 3910 1048 3971 superque
1064 3910 1171 3970 gram-

217 3997 356 4061 maticae
381 3997 529 4069 (labitur,
561 3998 588 4059 si
615 3998 731 4077 quinio
761 4000 815 4059 aul
846 4000 938 4059 serlo
963 4016 1094 4078 quoque
1119 3996 1171 4060 die

218 4105 258 4167 ad
283 4103 373 4167 illam
399 4103 576 4185 puerilium
599 4103 831 4185 quaeslionum
856 4103 1096 4167 discussionem
1120 4123 1171 4166 re-

133 4212 172 4274 10
219 4211 403 4274 rocabilur.
445 4209 625 4290 Reliquum
641 4212 773 4292 tempus
791 4209 976 4283 scribendo,
995 4210 1171 4291 loquendo,

217 4317 419 4391 meditando,
444 4317 654 4398 eloquenliae
679 4316 785 4380 delur.
