2632 4718
530 730 749 809 -13-

620 921 657 986 V·
756 919 760 925 .

384 1042 446 1110 De
464 1043 611 1147 penatis
634 1042 861 1114 Alexandri.
870 1047 901 1131 *)

303 1185 367 1263 Qui
391 1189 441 1249 est
464 1187 548 1251 adeo
572 1187 703 1252 hebetis
728 1188 864 1270 ingenii,
888 1193 924 1253 ut
945 1189 1175 1256 Alexandrum

211 1292 346 1372 probet,
381 1293 468 1372 legat
499 1294 645 1374 Pyladae
671 1293 834 1358 Buccardi
863 1294 1011 1359 Brixiani
1039 1295 1174 1379 librum,

212 1398 269 1479 qui
293 1399 488 1462 inscribitur
514 1399 777 1477 „Adnotationes
802 1401 945 1482 Pyladae
969 1401 1004 1465 in
1029 1401 1174 1466 Alexan-

213 1505 370 1584 drum“‚¹)
396 1504 483 1586 legat
498 1505 621 1569 librum
638 1505 789 1571 Nestoris
806 1506 956 1589 Dionysii
984 1509 1050 1586 „De
1067 1529 1175 1590 quau-

148 1610 168 1673 5
210 1610 366 1675 titatibus
383 1611 604 1692 syllabarum“
615 1609 644 1696 2)
668 1615 703 1676 et
718 1615 854 1677 tandem
871 1613 1003 1678 desinat
1019 1613 1172 1697 ineptire.

610 1808 663 1871 VI.

348 1929 395 1998 In
418 1929 675 2017 glossularios
697 1929 923 2001 Alexandri.

299 2073 400 2136 Miror
423 2075 584 2156 quosdam
620 2094 688 2139 non
725 2074 917 2140 illitteratos
952 2075 1104 2141 homines
1133 2098 1172 2142 eo

210 2179 412 2261 ineptiarum
437 2181 625 2256 devenisse,
655 2184 691 2244 ut
714 2181 867 2263 glossulis
892 2181 1069 2265 diligenter
1093 2204 1171 2248 con-

211 2284 354 2348 cinnatis
377 2285 603 2351 Alexandrum
629 2291 801 2370 tamquam
818 2288 943 2370 Aesopi
968 2289 1172 2354 corniculam

210 2391 360 2473 putarint
391 2393 632 2457 adornandum.
684 2393 817 2470 Quanto
855 2394 972 2458 melius
1008 2396 1030 2459 ii
1065 2395 1171 2461 bonas

148 2500 167 2561 5
211 2498 310 2561 horas
338 2499 574 2576 collocassent,
603 2499 631 2563 si
662 2502 780 2565 nuntio
813 2501 910 2582 nugis
933 2501 1169 2566 Alexandrinis

210 2605 350 2668 remisso
374 2625 477 2670 novos
502 2606 578 2670 usui
595 2606 821 2670 studiosorum
837 2627 1037 2688 componere
1056 2608 1170 2689 libros,

210 2731 311 2792 quam
341 2715 470 2776 veteres
501 2712 647 2794 parietes
679 2712 804 2776 recenti
844 2713 971 2778 albario
1011 2715 1170 2795 variaque

210 2816 340 2899 pictura
378 2818 535 2882 decorare
570 2818 782 2883 maluissent!
830 2818 917 2896 Quid
948 2819 1087 2902 prodest
1116 2821 1168 2884 vel

209 2943 321 2987 cassas
352 2944 454 2988 nuces
484 2924 594 2988 aureis
629 2944 749 2989 ornare
780 2925 957 2989 bracteolis
981 2925 1034 2989 rel
1069 2927 1169 2990 sudes

126 3031 165 3094 10
209 3032 374 3094 vetustate
398 3031 567 3095 confectas
583 3031 761 3114 purpureis
779 3032 985 3095 indumentis
1010 3031 1168 3096 amicire?

598 3225 667 3290 Vll.

129 3348 177 3416 In
199 3347 372 3417 eosdem.
419 3347 526 3443 Quid
548 3347 708 3435 proprie
734 3352 933 3430 „curtum“
959 3349 1142 3419 dicatur?

295 3493 361 3556 Sed
396 3492 475 3555 boni
512 3491 681 3570 homines,
722 3493 801 3555 dum
837 3492 978 3557 multum
1014 3494 1168 3558 tribuunt

206 3597 408 3677 Alexandro,
432 3617 500 3662 non
525 3599 607 3661 nihil
632 3598 673 3663 ab
698 3617 737 3661 eo
762 3598 928 3663 barbariei
959 3605 1166 3682 receperunt.

205 3704 263 3781 Et,
292 3707 329 3768 ut
352 3705 393 3768 ad
425 3707 535 3769 cetera
567 3725 656 3768 nunc
681 3705 897 3783 conniveam‚
927 3725 994 3770 non
1025 3709 1075 3769 est
1104 3707 1167 3771 hoc

205 3809 330 3874 diutius
348 3810 636 3890 dissimulandum,
662 3810 730 3875 falli
747 3811 821 3874 illos
846 3814 878 3874 et
898 3813 1014 3875 tallere
1029 3832 1163 3895 pueros

143 3920 161 3981 5
205 3936 280 3981 cum
297 3918 422 3999 passim
440 3918 599 3999 syllabam
620 3918 792 3995 „brerem“
810 3919 929 3981 vocant
949 3922 1127 3996 „cur-raum
1142 3919 1166 4001 ¹)

204 4024 306 4088 Multo
338 4023 427 4087 enim
458 4023 548 4088 aliud
584 4029 633 4087 est
666 4025 819 4102 „brere“‚
856 4024 947 4087 aliud
981 4028 1164 4101 „curtnm“.

205 4130 290 4194 Nam
319 4134 488 4209 „curtum“
516 4130 638 4194 dicitur
661 4130 795 4213 proprie
819 4129 987 4208 mutilum,
1010 4130 1164 4212 fractum,

186 4343 210 4409 ⁸)
232 4344 259 4395 ln
282 4346 311 4399 A.
332 4345 400 4395 olma
422 4343 600 4396 [tclrcrsclrriit
