2632 4718
510 753 751 823 -lou-

208 933 293 998 tioni
318 936 351 998 et
373 934 599 999 exhortationi
629 937 661 999 et
682 934 851 999 doctrinae
876 937 909 998 et
933 956 1066 1018 semper
1089 957 1165 1020 per-

209 1059 306 1103 mane
341 1040 376 1104 in
413 1040 502 1104 hisl“
556 1042 671 1105 Sciant
710 1062 787 1122 ergo
823 1043 1015 1107 sacerdotes
1053 1062 1165 1107 sacras

208 1145 390 1228 scripturas
407 1149 439 1210 et
456 1166 610 1221 canones,
624 1151 658 1211 et
673 1165 771 1210 omne
787 1168 872 1229 opus
889 1167 1002 1212 eorum
1019 1148 1052 1211 in
1069 1167 1165 1230 prae·

209 1251 372 1315 dicatione
409 1253 443 1314 et
479 1252 629 1316 doctrina
668 1253 829 1317 consistat
864 1256 964 1334 atque
988 1252 1166 1317 aedificent

122 1357 162 1420 lo
208 1360 346 1420 cunctos
358 1360 427 1422 tam
439 1357 516 1421 fidei
534 1357 685 1436 scientia,
700 1378 801 1439 quam
818 1377 959 1439 operum
976 1358 1164 1441 disciplina.

583 1533 734 1617 Leoll)

297 1655 333 1718 si
376 1657 412 1719 in
451 1656 544 1721 laicis
584 1658 714 1720 ridetur
760 1657 983 1721 intolerabilis
1022 1656 1165 1738 inscitia,

209 1765 336 1842 quanto
367 1762 469 1842 magis
502 1763 536 1825 iu
568 1763 637 1841 hie,
663 1763 720 1844 qui
747 1765 919 1845 praesunt,
944 1783 1004 1826 nec
1028 1781 1165 1826 excusa-

187 1866 277 1930 tione
301 1870 352 1930 est
375 1867 475 1949 digua
500 1887 560 1931 nec
585 1869 696 1932 venia!
1023 1877 1029 1888 ‘

445 2025 704 2091 Coelestinus
727 2045 844 2108 papa.
859 2023 899 2109 ¹²)

301 2147 392 2212 Nulli
416 2151 629 2213 sacerdotum
646 2148 744 2212 liceat
767 2168 912 2212 canones
928 2148 1080 2229 ignorare
1104 2169 1165 2213 nec

208 2252 387 2335 quicquam
425 2256 552 2334 facere,
591 2255 682 2335 quod
719 2256 854 2336 patrum
893 2253 1016 2334 regulis
1055 2254 1163 2335 possit

208 2358 353 2423 obviare.

385 2498 612 2581 Gregorius
636 2501 677 2563 in
701 2497 990 2582 moralibusll)

297 2623 361 2701 Qui
386 2642 441 2703 ea,
474 2643 561 2705 quae
590 2623 644 2687 dei
675 2626 770 2701 suut,
802 2622 955 2704 sapiunt,
988 2622 1165 2687 adomino

208 2728 401 2809 sapiuntur,
431 2732 463 2792 et
487 2728 545 2810 qui
569 2749 617 2806 ea,
643 2748 728 2810 quae
753 2727 806 2792 dei
831 2732 926 2807 sunt,
951 2725 1120 2805 nesciunt,
1145 2747 1165 2791 a

208 2833 343 2898 domiuo
378 2835 593 2913 nesciuntur,
641 2835 744 2898 Paulo
780 2835 977 2913 attestante,
1008 2831 1065 2913 qui
1098 2832 1164 2897 ait:

210 2938 264 3018 ,Si
289 2938 365 3021 quis
388 2939 528 3022 ignorat,
553 2939 794 3021 ignorabitu1·“.

432 3132 709 3197 Distiuctione
733 3130 931 3215 XLVIII.¹⁴)

376 3257 653 3338 Hieronymus
677 3255 717 3319 in
740 3254 993 3319 Malachiam.

297 3379 441 3444 Caecum
465 3380 590 3444 animal
613 3378 728 3457 offert,
753 3377 811 3460 qui
836 3377 969 3441 ordinat
992 3377 1164 3441 indoctum

210 3484 245 3548 in
269 3485 342 3549 loco
372 3485 459 3549 docti
483 3485 747 3567 magistrumque
779 3482 873 3562 lacit,
902 3482 959 3563 qui
983 3482 1035 3545 rix
1064 3482 1164 3545 disci-

207 3590 307 3671 pulus
331 3610 404 3654 esse
420 3594 563 3673 poterat.

206 3767 354 3831 illorum
393 3766 628 3831 barbariem
666 3765 807 3846 magle,
848 3783 964 3846 quam
1002 3762 1164 3843 linguae

250 3872 457 3936 vitandam
481 3892 582 3936 esse.
630 3872 677 3935 In
702 3870 879 3935 decretis
911 3867 1119 3934 canonicis

413 3977 689 4042 distinctione
712 3974 938 4059 XXXVlll.¹⁵)

296 4100 363 4164 Sed
389 4100 468 4164 licet
490 4121 553 4182 per
576 4101 800 4182 ignorantiam
823 4099 1058 4181 grammaticae
1081 4096 1164 4162 artis

208 4204 337 4287 aliquid
361 4205 520 4270 vitiosum
536 4206 707 4290 proferant
730 4205 917 4288 presbyteri
933 4204 985 4270 vel
1002 4200 1164 4286 episcopi,

209 4329 278 4376 nou
310 4311 422 4375 tamen
454 4310 531 4378 ideo
563 4333 584 4379 a
607 4311 819 4378 scholasticis
846 4313 930 4376 sunt
949 4307 1177 4391 despiciendi,
