2632 4718
509 664 726 727 „55-

148 837 359 919 Pythagorae
371 835 396 920 ¹)
420 836 523 903 Samii
549 836 658 902 verbis
681 838 710 902 si
734 839 869 903 credere
893 839 1030 922 dignum
1054 843 1113 916 est,

194 942 315 1008 Omnia
338 943 413 1023 scil,
437 943 541 1008 uirtus
564 944 617 1008 cui
642 945 823 1011 numeralis
847 946 946 1010 inest.

148 1049 291 1114 Constat
314 1050 405 1114 enim
431 1052 588 1128 numeria,
612 1050 776 1134 quidquid
799 1055 922 1117 natura
945 1053 1078 1130 crearit,

195 1155 365 1238 Quidquid
388 1156 487 1221 abest
510 1157 627 1236 oculis,
652 1156 817 1241 quidquid
840 1157 875 1222 in
898 1159 980 1224 orbe
1003 1163 1105 1241 patet.

80 1268 122 1328 15
149 1263 247 1328 Hanc
270 1264 327 1345 pia
349 1262 568 1346 subsequitur
591 1262 737 1330 iucundo
761 1264 890 1329 musica
912 1267 1022 1342 cantu,

196 1370 332 1434 Vocales
356 1370 535 1453 speculans
557 1389 610 1435 ars
636 1390 812 1435 numerosa
835 1372 967 1451 m0d0s;

148 1474 277 1540 Musica
300 1479 436 1541 terreno
460 1496 528 1541 non
552 1477 686 1541 tantum
709 1479 843 1560 cognita
865 1480 1002 1559 munde,

197 1583 265 1646 Sed
288 1582 400 1648 coelos
423 1581 522 1647 etiam
548 1582 692 1648 dulciter
715 1602 823 1666 usque
846 1603 994 1664 movens,

150 1688 254 1767 Quae,
278 1688 364 1753 sicut
387 1708 505 1754 verum
527 1690 632 1754 menti
656 1709 858 1771 cognoscere
881 1693 1043 1772 praestat.

78 1798 125 1861 20
195 1796 296 1878 Ignea
320 1815 396 1860 cum
420 1794 509 1860 tristi
532 1814 671 1879 corpore
694 1795 795 1861 corda
818 1796 911 1860 iuvat

150 1901 193 1966 Et
215 1901 294 1968 tacit
317 1903 360 1967 ad
383 1922 494 1968 mores
517 1904 550 1967 et
573 1906 706 1968 atroces
729 1905 893 1986 temperat
917 1902 995 1978 iras,

194 2009 388 2090 lloerorem,
411 2010 547 2075 morbos
570 2008 798 2092 desidiamque
822 2010 924 2092 lugat.

151 2114 243 2179 Haec
266 2114 405 2180 iuvenes
428 2115 524 2180 suari
547 2116 638 2198 capit
661 2113 914 2199 inflammatque
938 2135 1068 2195 canore,

195 2220 287 2286 Haec
311 2219 437 2286 refovet
460 2220 586 2303 gelidos
611 2222 841 2304 exhilaratque
865 2242 972 2287 senes.

77 2330 123 2391 25
150 2327 326 2392 Falluntur
350 2327 424 2392 duri
448 2329 547 2393 cantu
571 2328 701 2393 solante
726 2328 867 2405 labores

194 2433 357 2499 Alliciuut
381 2453 497 2499 saevas
520 2434 669 2500 carmina
691 2434 815 2499 blanda
839 2433 973 2515 serasl)

149 2540 353 2607 Pestiferum
375 2540 480 2606 fertur
503 2542 672 2623 quondam
695 2541 866 2624 pepulisse
892 2561 1056 2607 venenum

194 2647 365 2712 Cretensis
387 2647 513 2712 cithara
537 2667 639 2712 suave
663 2650 804 2713 sonante
829 2647 994 2730 Thalesl)

149 2755 322 2836 Orgauicis
346 2754 431 2819 liber
455 2755 598 2820 modulis
623 2741 846 2836 lymphaticus
870 2753 949 2817 olim

78 2867 124 2928 30
193 2864 270 2927 Iure
293 2861 544 2927 Xenocraticam
566 2861 810 2928 concelebravit
832 2859 979 2944 opemt)

150 2966 344 3050 ischiacist)
368 2971 469 3033 cantu
493 2967 640 3032 tibicinis
663 2987 722 3032 ora
745 2968 933 3045 medentur,

193 3075 369 3140 Exacuunt
392 3073 521 3156 equites
544 3075 580 3139 in
603 3074 674 3139 fera
697 3075 787 3139 bella
810 3074 922 3138 tubae.

149 3181 363 3264 Empedoclis
373 3179 401 3267 6)
425 3181 558 3247 modulo
582 3184 734 3245 serratus
759 3180 881 3244 dicitur
905 3181 1039 3263 hospes,

193 3288 378 3371 Magnaque
401 3286 558 3352 terrentis
583 3287 729 3352 concidit
752 3287 803 3351 ira
825 3286 897 3351 riri.

80 3398 123 3460 35
149 3395 287 3475 Magnus
309 3393 500 3458 Alexander
524 3398 625 3458 cantu
649 3395 804 3477 prorupit
828 3394 863 3457 in
888 3414 981 3458 arma

192 3500 234 3563 Et
257 3519 334 3565 mox
357 3502 486 3565 mutato
510 3500 657 3566 condidit
681 3521 774 3566 arma
797 3501 905 3565 modo.

147 3605 284 3671 Barbita
309 3605 485 3690 delphinos
510 3607 688 3685 delectant,
714 3607 824 3672 fistula
848 3628 972 3677 cemos.

196 3713 387 3778 Dulcisonis
411 3713 547 3778 calamis
572 3714 762 3779 alliciuntur
785 3735 872 3779 ares,

136 3816 273 3885 'Musica
295 3819 426 3885 divinas
451 3821 566 3885 laudes
591 3826 625 3885 ct
648 3821 796 3886 carmina
820 3823 942 3886 tractat

80 3929 125 3992 40
192 3927 233 3992 Et
256 3927 334 3994 facit
359 3927 498 4009 angelici
524 3948 584 3992 nos
608 3928 799 3993 meminisse
823 3927 926 3991 chori.

147 4035 273 4101 Musica
296 4055 364 4101 nou
388 4035 456 4099 ullo
481 4036 561 4099 saus
585 4039 635 4099 est
659 4034 836 4100 laudabilis
860 4054 927 4105 ore,

193 4142 369 4207 Pindarico
394 4141 547 4224 quamvis
571 4141 710 4205 flumine
735 4142 836 4205 verba
860 4142 976 4205 lluant.

148 4247 208 4313 Est
231 4267 366 4332 quoque
384 4268 473 4313 nune
497 4267 595 4312 versu
611 4249 726 4314 nostro
743 4248 961 4312 memoranda
977 4243 1145 4326 mathesis,

1201 4412 1252 4462 Δ
