2632 4718
482 592 773 659 .-43-

218 765 260 831 Et
285 766 416 833 Plinius
439 767 588 853 iuni0r⁵)
616 770 651 834 in
681 770 821 854 epistola
848 771 890 835 ad
918 770 1095 836 Minatium
1118 772 1194 837 tun·

218 874 359 940 danum:
386 875 435 954 „0
459 876 556 941 dulce
580 877 686 943 otium
708 879 953 961 honestumque
969 881 1070 962 atque
1086 897 1195 961 paene

217 981 307 1044 omni
331 982 464 1064 negotio
487 983 693 1065 pulchriust“
722 984 793 1049 Hoc
815 985 905 1051 Maro
930 988 1042 1050 noster
1051 984 1079 1070 6)
1103 985 1195 1068 igno-

122 1087 171 1151 to
216 1085 294 1160 bile,
320 1086 429 1152 idest
453 1089 549 1154 valde
574 1090 697 1169 nobile,
722 1090 813 1155 dixit.
849 1088 1012 1174 Senecat)
1028 1091 1063 1156 in
1079 1093 1195 1156 octava

220 1194 262 1259 ad
286 1194 453 1260 Lucilium
478 1196 619 1280 epistola
643 1198 691 1262 sic
715 1197 846 1262 scribit:
879 1197 976 1277 „Mihi
1000 1199 1114 1263 crede:
1138 1197 1195 1282 qui

220 1301 302 1365 nibil
320 1321 417 1384 agere
433 1303 599 1382 videntur,
624 1304 751 1368 maiora
767 1307 880 1386 agunt,
905 1304 1017 1370 divina
1032 1305 1195 1370 humana-

219 1427 285 1490 que
309 1408 439 1473 simut.“
489 1409 585 1474 Unde
619 1413 651 1474 et
681 1411 837 1476 Publium
871 1412 1077 1495 Scipionem,
1107 1432 1195 1492 eum,

220 1516 277 1597 qui
294 1515 441 1598 primum
453 1515 631 1582 Africanus
648 1519 836 1600 appellatus
853 1523 915 1598 est,
933 1521 1043 1584 dicere
1059 1519 1195 1583 solitum

125 1623 171 1685 45
221 1621 353 1704 scripsit
376 1621 505 1706 Gato⁸)‚
535 1643 719 1706 numquam
743 1645 779 1689 se
803 1627 913 1690 miuus
942 1627 1087 1690 otiosum
1112 1646 1195 1707 esse,

221 1748 322 1812 quam
347 1749 421 1794 curn
445 1730 575 1807 otiosis
608 1749 668 1795 nec
699 1731 811 1796 minus
839 1733 961 1812 solum,
991 1753 1092 1815 quarn
1121 1751 1197 1797 cum

220 1836 312 1900 solus
336 1839 433 1901 esset.

624 2034 705 2099 XIV.

157 2172 280 2267 Quod
303 2173 470 2244 animus
498 2173 651 2244 sudiosi
676 2176 923 2264 compositus
947 2193 1034 2245 esse
1058 2174 1179 2245 debet

546 2284 587 2350 et
609 2299 784 2352 securus.

155 2445 166 2507 l
221 2444 400 2508 Studiosus
424 2444 618 2510 adolescens
643 2444 789 2509 animum
814 2444 1036 2527 compositum
1061 2448 1094 2508 et
1118 2465 1195 2529 per·

220 2551 472 2616 turbationibus
489 2571 631 2616 vacuum
648 2552 780 2624 babeat,
796 2556 835 2617 ut
852 2550 1046 2633 disciptinas
1063 2573 1083 2617 a
1099 2572 1197 2633 prae-

221 2660 358 2739 ceptore
382 2660 454 2724 sine
477 2658 615 2724 tristitia
631 2664 666 2723 et
683 2659 801 2723 timore
817 2659 992 2742 percipiat.
1017 2659 1112 2724 Vitiis
1129 2679 1196 2725 non

221 2767 265 2829 sit
294 2765 473 2844 obnoxius,
508 2767 608 2831 deum
640 2786 680 2830 ex
713 2769 785 2831 toto
814 2766 913 2830 corde
941 2770 1029 2831 amet
1059 2767 1198 2849 eiusque

152 2875 172 2936 5
220 2874 402 2955 praecepta
426 2873 679 2957 diligentissime
701 2873 875 2937 custodiat.
901 2873 1017 2937 Dicam
1034 2872 1198 2955 virginem

223 2979 376 3060 Mariani,
407 2979 461 3045 dei
484 2981 620 3062 optimi,
643 2979 777 3044 maximi
801 2983 990 3063 parentem,
1021 2980 1110 3045 laeto
1133 2979 1197 3044 fre-

223 3091 365 3171 quenter
396 3087 506 3152 animo
540 3089 672 3152 salutet,
725 3087 927 3152 Parentibus
958 3090 992 3152 et
1030 3087 1197 3169 magistris

223 3196 441 3278 obtemperet,
466 3195 615 3261 honestis
638 3195 729 3270 viris,
760 3194 888 3260 clericis
912 3197 946 3258 et
970 3194 1199 3258 sacerdotibus

222 3305 384 3369 bonorem
408 3303 572 3381 exhibeat,
602 3323 678 3384 erga
701 3323 815 3367 omnes
840 3301 989 3367 homines
1014 3301 1143 3366 facilem
1167 3305 1200 3366 et

137 3415 178 3477 10
223 3411 406 3476 humanum
441 3430 477 3474 se
511 3410 679 3492 praebeat.
738 3411 789 3473 lta
823 3408 915 3473 brevi
949 3408 1127 3472 maximum
1163 3408 1199 3473 in

223 3517 346 3583 litteris
367 3521 402 3582 et
423 3516 603 3581 virtutibus
619 3516 806 3600 protectum
822 3515 928 3580 saciet.
956 3515 994 3578 ln
1010 3514 1200 3580 malivolam

224 3626 368 3690 animam
384 3644 451 3688 non
467 3624 606 3689 intrabit
622 3623 795 3705 sapientia.
826 3621 891 3699 Qui
915 3622 1097 3686 sceleratae
1114 3621 1199 3685 vitae

225 3734 378 3797 conscius
403 3735 465 3810 est,
489 3730 571 3795 nihil
595 3733 685 3795 recte
710 3751 806 3813 agero
830 3731 950 3812 potest,
980 3748 1097 3793 rerum
1121 3749 1200 3793 con-

224 3840 318 3906 tinuo
342 3858 490 3904 maerore
515 3836 673 3917 afficitur,
704 3840 751 3917 et,
782 3840 818 3901 ut
842 3835 1012 3902 luvenalis
1023 3835 1049 3920 ¹)
1081 3835 1200 3918 inquit,

139 3951 178 4015 15
249 3949 437 4030 „Perpetua
461 3945 609 4010 anxietas
637 3965 699 4010 nec
724 3965 860 4009 mensae
883 3946 1034 4026 tempore
1058 3945 1197 4007 cessat.“

225 4057 349 4121 Contra
371 4075 448 4119 vero
470 4074 588 4118 secura
609 4073 703 4116 meris
727 4053 821 4134 quasi
840 4052 915 4134 iuge
933 4050 1120 4115 convivium
1137 4052 1198 4115 est.
