2632 4718
607 700 823 763 ..54-

243 877 394 942 Barbara
418 876 492 942 faex
515 874 596 941 olim
620 895 693 939 sese
718 873 781 937 sub
804 872 945 937 Tartara
968 871 1090 936 condat

292 985 467 1065 Furraque
491 980 686 1047 bacchantis
711 979 795 1044 Ditis
819 979 854 1042 in
879 980 974 1043 antra
998 980 1083 1042 ruat.

677 1295 748 1361 vll.

466 1434 531 1504 Ad
553 1434 726 1504 amicum
749 1435 962 1523 quendam.

207 1602 220 1661 l
248 1597 343 1676 Care,
367 1595 622 1661 mathematicas
646 1596 737 1678 quod
761 1615 850 1660 nunc
874 1593 1085 1678 amplecteris
1110 1598 1209 1674 arteS,

293 1702 456 1779 Gratulor,
480 1700 613 1784 ingenio
637 1703 756 1782 laetus,
780 1701 895 1778 amice,
919 1705 987 1766 tuo.

249 1810 354 1890 Perge
379 1828 442 1872 nec
466 1808 609 1887 assiduo,
633 1828 762 1892 precor,
787 1808 973 1872 absterrere
996 1808 1122 1883 labore,

294 1917 376 1981 Post
398 1933 543 1998 pennam
567 1913 695 1979 fructus
719 1914 847 1978 dulcior
871 1934 944 1978 esse
969 1915 1062 1979 solet.

205 2026 224 2087 5
249 2021 392 2100 Quando
416 2020 477 2085 tibi
502 2019 601 2086 docili
624 2023 823 2104 praeceptor
846 2021 987 2087 idoneus
1010 2023 1099 2085 astat

295 2128 338 2192 Et
361 2127 449 2192 facili
473 2130 506 2190 et
529 2129 619 2192 certo
643 2127 855 2209 progrediere
878 2127 992 2210 gradu.

250 2234 386 2300 Plenior
409 2234 451 2298 ad
475 2235 598 2299 multas
621 2234 730 2299 aditus
754 2235 980 2317 praestabitur
1003 2236 1101 2310 artes,

293 2340 467 2425 Asperitas
491 2340 603 2424 cupidi
628 2360 688 2405 nec
713 2340 867 2404 retinebit
892 2341 966 2404 iter.

249 2449 305 2513 Sic
328 2447 406 2511 olim
431 2448 568 2530 sophiae
593 2446 778 2529 penetralia
801 2466 896 2511 sacra
920 2446 1049 2510 subibis

187 2557 226 2618 10
295 2554 518 2636 Inveniesquc
540 2554 676 2618 brerem
701 2555 818 2618 doctus
842 2555 885 2618 ad
908 2555 998 2617 astra
1020 2555 1118 2616 riam.

674 2891 762 2953 Vlll.

396 3029 444 3096 In
465 3027 769 3098 mathematicas
793 3027 1035 3115 disciplinas.

371 3151 435 3220 Ad
463 3151 757 3222 Theodoricum
785 3151 1066 3222 Suivelensem.

208 3317 221 3377 l
250 3315 312 3391 Tu,
337 3313 396 3396 qui
420 3316 511 3378 certa
534 3313 590 3395 pio
614 3313 774 3378 meditare
798 3314 1002 3378 mathemata
1025 3315 1126 3379 corde

293 3421 438 3502 Altaque
462 3420 580 3485 semoti
605 3420 748 3502 suspicis
773 3423 864 3485 astra
886 3420 965 3502 poli,

250 3526 315 3604 Qui
339 3527 565 3609 praeceptoris
589 3547 710 3591 nomen
737 3528 953 3613 studiumque
978 3527 1128 3593 Platonis

294 3634 460 3716 Claraque
486 3634 574 3697 dona
598 3634 651 3697 dei
675 3653 742 3698 non
766 3634 838 3697 sine
863 3634 961 3698 laude
985 3638 1089 3711 teneS,

206 3742 225 3804 5
250 3740 284 3804 Si
301 3740 382 3823 quid
398 3741 501 3804 habes
518 3739 612 3804 vacui
629 3759 718 3804 nunc
734 3741 904 3822 temporie,
921 3741 996 3816 huc,
1015 3759 1141 3823 precor,
1159 3739 1249 3804 adsis

295 3848 338 3912 Et
361 3846 500 3909 memori
524 3866 641 3910 versus
665 3849 776 3911 mente
801 3865 927 3928 repone
951 3867 1052 3910 meos

251 3953 332 4017 Dico
356 3972 468 4016 sacras
492 3955 582 4016 artes
606 3954 640 4016 et
663 3952 794 4017 Baccho
820 3956 853 4016 et
877 3953 1033 4035 Apolline
1058 3954 1185 4028 dextro,

295 4059 457 4142 Aspirant
480 4058 594 4123 faciles
618 4079 657 4123 ex
682 4059 843 4123 Helicone
867 4060 959 4123 deae.

252 4165 384 4230 Primus
408 4165 639 4230 arithmeticen
662 4166 755 4230 locus
777 4166 915 4248 excipit3
939 4167 1021 4230 haec
1039 4165 1244 4229 numerando

186 4274 227 4337 10
296 4271 348 4337 Ad
373 4271 519 4355 reliquas
545 4276 635 4337 recta
659 4272 717 4339 dat
740 4275 917 4354 penetrare
939 4272 1003 4337 ria.
