2632 4718
509 667 732 737 -ss3..

583 850 665 915 xiv.

356 989 405 1058 In
425 988 633 1059 Albertum
655 989 858 1079 Magnum.
871 993 896 1074 ¹)

84 1113 150 1182 Ad
173 1113 466 1201 amplissimum
489 1116 529 1182 et
551 1112 837 1209 philosophum
866 1118 907 1183 et
924 1114 1155 1205 theologum

85 1219 311 1289 Arnoldum
331 1219 576 1307 Tungrumr)
598 1218 893 1290 Laurentianus
917 1221 1026 1309 apud
1042 1220 1155 1292 Golo-

156 1326 266 1396 niam
288 1324 621 1415 Agrippinensem
643 1325 872 1396 academiae
895 1332 1091 1421 rectorem

465 1430 567 1500 bene
590 1431 786 1502 meritum.

114 1597 127 1656 l
156 1593 255 1657 Nune
278 1593 359 1657 mihi
384 1592 577 1657 Callimachi
602 1593 705 1672 Musa,
731 1612 819 1657 nuuc
843 1596 893 1657 est
917 1614 1000 1676 opus
1024 1599 1105 1672 arte,

202 1701 302 1777 Nasu,
326 1704 400 1764 tua:
426 1699 572 1764 Nimium
595 1700 719 1783 grande
743 1699 893 1765 subimus
917 1721 1012 1765 onus.

157 1806 302 1871 Nitimur
325 1805 458 1871 Alberti
482 1807 671 1888 praeclaras
696 1805 804 1872 dicere
828 1807 954 1884 laudes

201 1914 298 1991 Quod
321 1913 455 1997 peperit
478 1913 603 1978 muudo
627 1913 751 1978 Suevia
775 1913 871 1977 dulce
895 1914 1006 1977 decus.

111 2022 132 2084 5
158 2020 393 2103 Docliloquum
418 2019 509 2085 fulva
532 2019 702 2102 quondam
727 2020 875 2103 suspexit
900 2021 1086 2105 larchami)

201 2127 376 2191 Excelsum
401 2126 560 2190 cathedra
582 2126 813 2209 percoluitque
839 2146 963 2209 magne,

155 2234 371 2298 Tractanlem
393 2231 485 2296 varie
510 2232 619 2297 coelos
643 2230 771 2296 audivit
797 2233 831 2295 et
855 2236 943 2296 astra

206 2340 249 2403 Et
273 2341 314 2404 de
337 2338 509 2403 Tantalieo
533 2339 652 2422 pocula
675 2340 767 2403 fonte
791 2339 884 2403 bibit.

157 2446 314 2511 Diversos
339 2446 435 2528 louge
459 2445 602 2529 populos
625 2446 813 2527 peragrarit
838 2448 871 2508 et
897 2446 1007 2524 urbes

89 2556 132 2618 10
201 2551 355 2617 Excoluit
378 2550 477 2615 variis
500 2550 631 2616 artibus
654 2550 835 2632 ingenium.

157 2657 310 2722 Garritus
334 2659 446 2723 avium
470 2657 624 2740 coguovit
647 2659 679 2721 et
703 2659 817 2722 abdita
842 2678 954 2722 rerum

202 2763 373 2847 Principia
397 2768 430 2828 el
452 2763 555 2828 variis
579 2763 720 2841 mystica
743 2784 837 2828 saera
862 2765 953 2829 locis,

158 2871 264 2936 Linea
287 2870 409 2953 delegit
433 2869 496 2934 sibi
520 2867 719 2934 vestimenta
744 2869 887 2953 repulsis

203 2977 378 3052 Carnibus
403 2977 606 3059 hydropotes
631 2976 882 3058 absterniusque
907 2977 978 3041 luit.

93 3090 132 3150 15
159 3086 363 3167 Pythagoras
388 3083 574 3165 doctusque
599 3083 695 3147 Plato
720 3083 931 3147 ueleluautur
958 3085 1092 3166 ubique,

203 3189 301 3268 Quod
325 3189 446 3253 multas
471 3189 641 3253 hominum
665 3189 875 3269 perdidicere
900 3189 981 3264 rias,

159 3298 257 3375 Quod
280 3296 387 3377 longis
410 3315 521 3360 sacras
547 3297 729 3359 hauserunt
753 3296 869 3359 usibus
894 3300 982 3360 artos

204 3403 422 3486 ignotumque
447 3401 510 3466 sibi
534 3403 624 3484 quod
648 3402 783 3466 voluere
808 3401 899 3464 nihil.

160 3510 235 3574 Nou
259 3509 380 3573 boreas
404 3507 488 3587 illos,
514 3527 580 3572 nou
606 3508 753 3572 fervidus
778 3509 891 3571 auster
915 3510 1051 3583 adussit

92 3620 136 3681 20
204 3614 288 3679 Ausi
312 3617 390 3679 suut
413 3613 538 3695 gelidas
562 3634 763 3696 exsuperare
788 3615 891 3677 uires,

160 3720 523 3804 Spreveruntimb1·eS‚
548 3722 750 3802 superarunt
774 3720 879 3783 ardua
903 3739 991 3799 sara,

204 3826 332 3892 Blanda
355 3829 465 3891 Venus
490 3826 620 3909 nequiit
642 3826 822 3908 illaqueare
846 3825 946 3889 viros.

161 3932 370 4016 Contemptis
394 3933 516 4015 opibus
540 3933 692 4015 sophiam
718 3935 794 3995 suut
819 3952 926 4014 usque
951 3933 1067 4009 seculi,

204 4040 346 4117 Quando
370 4039 438 4102 sere
464 4043 535 4104 toto
559 4039 730 4120 quaeritur
755 4039 835 4101 orbe
860 4040 966 4120 fugax.

95 4146 137 4208 ‘25
162 4145 275 4210 Ardua
298 4165 351 4209 res
376 4146 450 4209 illos
475 4148 563 4208 recle
588 4145 723 4209 laudare
747 4143 878 4208 ridetur

205 4252 244 4315 lu
268 4252 389 4317 lauram
415 4253 523 4334 dignis
546 4253 688 4333 prodere
712 4250 926 4329 carminibus
