2632 4718
604 710 816 779 -30-

285 890 453 955 Hesterno
476 890 574 973 panis
599 892 748 956 crustula
772 891 844 955 iure
869 891 965 972 nigri.

239 997 290 1060 m
314 996 465 1078 leporina
489 1017 565 1063 caro
590 998 704 1075 nutrit,
730 1018 782 1062 me
806 997 909 1061 callus
933 1019 1115 1081 apruguus,

285 1103 327 1165 Et
351 1123 425 1167 mea
448 1105 572 1168 selecto
595 1104 714 1185 proluo
740 1104 834 1168 labra
857 1123 958 1168 mere.

240 1209 417 1290 t'tagarum
441 1209 540 1291 pueri
564 1209 741 1273 tormidine
765 1214 798 1274 te
823 1213 1028 1288 reverentur,

175 1316 218 1379 30
285 1315 474 1396 Assurgunt
498 1315 588 1392 mihi,
612 1316 669 1397 qui
695 1316 829 1397 praedia
855 1317 958 1381 multa
981 1320 1108 1381 teuent.

240 1421 378 1485 Rustica
400 1422 500 1486 turba
522 1442 609 1504 genu
634 1424 760 1489 nudato
786 1422 908 1487 vertice
932 1429 1058 1501 currat

284 1527 473 1593 Conviraus
497 1529 605 1610 primo
630 1529 885 1612 conspicierque
910 1533 991 1595 tere.

239 1636 408 1713 Quantum
435 1634 585 1699 viburnis
609 1639 758 1718 praestat
782 1656 922 1719 procera
946 1656 1136 1718 cupressus,

285 1741 344 1803 Est
365 1741 482 1805 melier
506 1744 598 1806 tauto
622 1762 694 1806 sors
718 1762 792 1806 mea
816 1745 905 1806 sorte
930 1746 1017 1807 tua.“

175 1848 216 1910 35
242 1847 286 1910 Ut
311 1846 414 1910 tacuit
439 1847 583 1921 tandem,
608 1867 675 1911 uon
700 1849 903 1930 respendere
927 1849 1088 1924 volebam,

285 1953 475 2016 Mordacem
500 1953 651 2017 rabulam
676 1955 829 2036 linquere
853 1955 1071 2019 constituens.

241 2059 309 2122 Sed
333 2059 440 2122 vetuit
464 2059 624 2140 prudeus,
649 2061 763 2124 aderat
787 2059 843 2142 qui
867 2060 961 2133 forte,
986 2062 1148 2136 sacerdes,

287 2165 362 2229 Non
387 2183 507 2246 passus
533 2165 679 2247 linguam
704 2187 755 2229 me
780 2167 934 2231 cohibere
959 2187 1075 2231 meam.

242 2271 328 2334 Tum
353 2270 435 2335 diri:
463 2271 625 2351 „Tumido
649 2272 728 2354 quid
752 2293 804 2335 me
830 2293 981 2336 sermone
1007 2274 1162 2337 lacessis?

173 2379 217 2441 40
285 2380 378 2454 Quae
404 2379 460 2440 tna
483 2380 571 2452 sunt,
596 2379 656 2442 tibi
674 2379 769 2454 habe,
794 2399 878 2460 qnae
901 2401 984 2456 mea,
1010 2381 1124 2462 linque
1142 2380 1239 2444 mitri!

244 2484 319 2547 Nou
343 2483 403 2547 tibi
430 2485 603 2566 despectas
627 2466 736 2557 miror,
761 2506 892 2559 vesane,
917 2486 1089 2561 Caruenas,

286 2591 378 2654 Vitat
402 2590 625 2655 amaracinum
650 2592 765 2655 sucula
799 2592 876 2656 rina
899 2593 1001 2656 cauis.

241 2697 368 2760 Ductus
392 2717 427 2760 es
452 2696 631 2778 aucupium
657 2716 877 2771 nummorum,
902 2700 1018 2762 <tectus
1042 2703 1074 2761 et
1099 2701 1187 2762 artes

284 2802 433 2867 Fallendi
458 2802 581 2866 blanda
605 2802 784 2867 calliditate
810 2824 894 2867 reus.

172 2911 215 2973 45
241 2909 329 2972 Aere
354 2908 574 2990 patrecinium
600 2910 769 2974 mendacis
793 2911 936 2974 rendere
961 2910 1093 2992 linguae

284 3016 326 3080 Et
351 3015 438 3080 varia
463 3016 549 3079 nesti
574 3014 698 3097 surgere
722 3019 833 3080 mente
858 3017 961 3080 deles.

239 3121 313 3186 Non
339 3124 421 3187 adeo
447 3142 582 3204 magnas
606 3121 761 3186 echeneis
785 3141 889 3202 parra
912 3122 1042 3186 carinas

283 3227 320 3290 In
345 3228 455 3293 medio
479 3230 599 3309 gaudet
623 3227 804 3291 detinuisse
829 3228 922 3301 mari,

240 3333 347 3410 Quam
372 3334 434 3397 tibi
460 3334 634 3417 frugiferas
659 3335 793 3417 longum
817 3336 999 3417 producere
1024 3336 1110 3407 lites,

173 3440 216 3503 50
284 3440 391 3517 Quam
416 3441 508 3504 luera
531 3460 592 3522 per
615 3441 749 3504 fraudes
774 3443 983 3506 accumulare
1007 3446 1136 3522 poetae,

239 3546 323 3610 Dum
349 3566 510 3628 superum
534 3547 647 3610 laudes
671 3546 800 3629 fingunt
824 3551 1026 3631 cantantque
1051 3551 1176 3613 studes.

284 3651 429 3716 Vindicis
454 3657 613 3718 avertunt
637 3654 784 3736 dumque
810 3655 939 3736 flagella
964 3656 1025 3730 dei,

240 3758 291 3822 Tu
315 3759 521 3824 corradendo
546 3760 705 3824 cruciaris
730 3760 862 3823 deditus
886 3762 963 3834 aeri,

284 3866 326 3930 Et
350 3866 514 3930 scelerum
538 3886 612 3929 sese
637 3865 769 3931 conscia
793 3869 894 3931 corda
919 3873 1084 3948 premunt.

173 3971 214 4035 55
240 3970 397 4054 Turpiter
422 3973 570 4037 absumis
595 3972 783 4053 quaesitum
809 3975 951 4055 turpiter
975 3994 1102 4049 aurum,

284 4078 353 4142 Res
377 4080 462 4143 mate
487 4078 635 4153 discedit,
660 4098 746 4160 quae
769 4079 855 4143 male
879 4084 976 4160 parta
1001 4081 1073 4145 suit.

239 4183 275 4249 Si
299 4185 415 4262 nescis,
441 4185 575 4267 Stygiae
601 4183 672 4249 fora
696 4187 774 4248 sunt
798 4186 948 4249 subiecta
972 4187 1096 4268 paludi!

282 4289 414 4355 Aeacus
437 4292 528 4368 hace,
553 4291 660 4355 Minos
685 4295 717 4355 et
743 4293 995 4357 eradamantus
1021 4294 1152 4357 habent.
