2632 4718
56 4361 59 4412 2
127 4332 317 4418 fl

744 716 962 781 „42-

434 913 519 975 quos
535 893 658 958 vellent
674 896 732 956 aut
748 892 784 956 in
799 891 950 957 ordinem
970 890 1166 971 redigerent
1181 894 1253 959 aut
1270 916 1306 961 o·

345 1004 385 1065 15
432 1000 615 1064 eximerent
638 1017 787 1062 numero.
830 998 898 1063 Nec
921 996 1011 1062 enim
1036 996 1131 1061 aliud
1155 1018 1309 1081 gramm

433 1106 568 1175 Graece,
594 1124 693 1186 quam
718 1104 836 1168 Latine
865 1102 1043 1168 litteratus.
1091 1102 1167 1169 Nos
1198 1108 1287 1171 aute

438 1232 514 1276 men
532 1212 595 1276 hoc
617 1210 652 1274 in
669 1211 784 1274 ludum
806 1209 971 1274 trivialem
987 1207 1207 1291 detrusimus,
1227 1212 1316 1277 tam

442 1319 476 1382 in
493 1317 683 1399 pistrinum.
709 1316 865 1399 ltaque*)
882 1315 953 1379 iure
970 1314 1129 1397 conqueri
1146 1336 1245 1384 nunc
1262 1318 1316 1384 lit

434 1427 572 1506 possent
601 1425 636 1487 et
664 1421 775 1487 auimo
803 1422 891 1504 angi,
916 1440 981 1504 quo
1011 1422 1149 1487 nomine
1173 1422 1316 1509 Antige

345 1532 388 1595 20
433 1530 488 1594 ille
527 1529 650 1594 tibicen
688 1529 922 1612 angebaturi)
991 1528 1134 1593 Ferebat
1173 1529 1305 1614 Antige

434 1655 553 1717 parum
576 1654 684 1717 aequo
701 1634 821 1713 animo,
844 1635 935 1718 quod
951 1635 1216 1701 monumentarii
1242 1656 1316 1702 cer

435 1742 589 1806 tibicines
619 1740 816 1805 dicerentur.
864 1739 1033 1823 Indignari
1063 1740 1205 1806 litterati
1241 1762 1316 1825 po·

433 1848 522 1928 quod
556 1845 763 1929 grammatici
799 1864 887 1910 nunc
925 1845 1135 1929 appellentur
1175 1847 1303 1927 etiam,

433 1954 543 2035 prIma
566 1954 708 2017 doceant
732 1953 906 2017 elementa.
945 1951 1105 2016 Ceterum
1126 1953 1221 2035 apud
1249 1954 1312 2019 Gr

346 2062 387 2123 ⁶25
435 2061 497 2122 lroc
513 2079 617 2140 genus
635 2078 702 2122 non
721 2057 938 2140 grammatici,
961 2057 1021 2122 sed
1036 2056 1306 2139 grammatistae,

435 2163 569 2228 litterali
592 2165 682 2247 apud
700 2164 848 2243 latinos,
873 2164 930 2227 sed
955 2164 1157 2228 litteratores
1174 2166 1306 2231 vocalia

807 2342 894 2404 LIII.

322 2460 498 2532 Joannes
516 2461 655 2542 suave,
675 2462 815 2531 doctor
836 2466 875 2530 et
890 2461 1163 2531 vicedominus
1180 2462 1228 2532 0:
1252 2493 1276 2524 u
1289 2464 1316 2524 ἰ

323 2567 389 2650 sis,
417 2567 563 2638 Joanni
593 2568 828 2649 Murmellio,
859 2567 1119 2637 Alcmariensi
1153 2591 1189 2645 a·
1210 2598 1232 2629 ι·
1254 2598 1263 2628 ι
1282 2599 1316 2629 2:

505 2674 614 2754 chae,
638 2674 809 2743 salutem
833 2675 929 2743 dicit
950 2674 1172 2761 plurimam.
1182 2676 1209 2760 1)

523 2800 694 2876 Quantum
711 2802 844 2882 ingenio
862 2802 982 2878 valeam,
999 2799 1212 2863 ‹nrralissime
1231 2801 1293 2880 rir,

439 2927 477 2968 ex
503 2907 682 2969 mullorum
709 2927 876 2975 scurrone,
910 2912 977 2969 turn
1009 2927 1047 2969 ex
1080 2905 1292 2971 nitidissimis

429 3013 595 3075 Minervae
611 3013 837 3076 monumentis
855 3012 1015 3095 suspicari
1033 3011 1142 3094 potui;
1156 3032 1259 3095 quam
1278 3042 1309 3077 s.

434 3138 511 3179 vero
529 3122 562 3180 et
579 3117 705 3200 integre
723 3122 819 3181 tmrm
837 3119 981 3181 osticium
1000 3121 1160 3200 praestes
1186 3119 1311 3183 docum

367 3224 387 3286 5
435 3227 513 3286 sunt
537 3225 786 3299 adolescentes,
811 3246 894 3306 quos
918 3226 1017 3287 rudes
1041 3224 1073 3287 et
1097 3224 1267 3304 impolitos
1293 3247 1313 3290 a

437 3328 609 3405 mittimus,
634 3332 670 3392 tu
689 3350 765 3393 rero
791 3351 856 3395 non
881 3331 945 3394 uisi
963 3331 1174 3410 omnigenum
1200 3329 1294 3394 litter

435 3437 644 3518 supellectile
673 3440 808 3500 ornatos
843 3437 885 3500 ad
920 3457 981 3499 nos
1018 3434 1168 3500 remiltis.
1222 3437 1313 3518 Equi

435 3544 482 3604 sic
519 3542 683 3621 existimo,
719 3563 829 3624 neque
857 3545 1075 3625 Pythagoram
1110 3542 1204 3606 illum
1239 3544 1309 3608 San

437 3649 543 3713 maius
573 3651 685 3713 lumen
710 3650 843 3713 Siciliae
871 3650 990 3712 afferre
1020 3649 1186 3731 potuisse,
1222 3670 1315 3731 quau

348 3760 389 3821 10
435 3756 633 3821 Germaniae
651 3760 785 3820 nostrae
799 3757 962 3827 attuleris,
976 3775 1085 3836 neque
1099 3755 1271 3818 Socratem
1285 3756 1307 3819 il

433 3863 492 3944 qui
517 3862 644 3942 primus
668 3861 799 3924 etlricen
824 3863 864 3925 de
881 3863 972 3925 coelo
996 3860 1137 3925 traxisse
1154 3860 1289 3937 dieitur,

432 3968 602 4031 tectiorem
619 3967 726 4030 virum
751 3968 867 4049 egisse,
892 3988 993 4050 quam
1017 3971 1055 4033 tu
1076 3967 1253 4047 sustineas,
1280 3989 1316 4032 nr

434 4074 582 4137 divinum
615 4075 788 4138 Platonem
819 4096 859 4139 ex
887 4095 948 4139 sua
975 4073 1155 4139 Academia
1183 4075 1312 4141 eruditi

434 4179 573 4260 misisse,
598 4200 698 4263 quam
728 4182 764 4245 tu
789 4202 829 4246 ex
852 4185 910 4247 tuo
934 4182 1012 4247 ludo
1036 4181 1182 4258 miseris,
1212 4201 1316 4264 nequ

409 4320 435 4392 ⁸)
455 4322 491 4375 B:
512 4323 559 4379 lta.
