2632 4718
506 716 732 783 *73-

202 893 386 978 llippolylo
412 892 514 958 vitam
536 912 638 976 quem
662 913 840 958 renovasse
864 894 986 962 ierunt.

152 1000 184 1064 A
208 1019 277 1083 quo
299 999 469 1084 progeniti
494 999 683 1067 Podalirius
707 1003 808 1085 atque
831 1001 992 1065 Machaon

200 1106 399 1172 Innumeros
422 1106 550 1172 morbis
572 1108 727 1191 eripuere
751 1106 848 1172 viros.

157 1213 381 1297 Hippocrates
390 1214 417 1296 ³)
442 1214 551 1279 lucem
575 1214 708 1279 divinae
732 1214 880 1279 reddidit
903 1214 976 1289 arti,

86 1324 130 1385 10
201 1320 326 1386 Abdita
348 1320 550 1402 depromens
573 1320 814 1402 excutiensque
838 1321 948 1384 situm.

158 1426 348 1492 Promeruit
371 1446 493 1493 nomen
516 1426 585 1491 vini
608 1427 838 1508 medicamine,
862 1429 994 1510 lapsum

203 1533 311 1612 Quem
332 1534 514 1617 perhibent
537 1533 633 1599 scalis
657 1533 823 1599 interiisse
846 1533 1002 1614 senemfi)

162 1640 254 1718 Quid
283 1660 468 1705 memorem
503 1640 720 1723 Samiumque
748 1640 889 1725 sirum5)
919 1642 1137 1724 Siculumque

803 1747 999 1831 poeumrr)

205 1852 293 1932 Quid
315 1855 369 1919 vel
391 1853 607 1920 Aristotelem
631 1855 898 1920 Democritumve
925 1855 1063 1937 loquar?

91 1965 133 2027 127>
159 1961 197 2025 Si
221 1964 303 2044 quot
325 1962 416 2043 apud
439 1962 573 2027 Danaos
597 1962 766 2045 quondam
789 1961 911 2027 virtute
937 1962 1094 2026 medendi

204 2068 402 2144 Floruerint‚
426 2068 575 2134 numeris
599 2087 857 2133 commemorare
881 2069 992 2139 velim,

159 2174 229 2239 Aut
252 2176 334 2256 quot
357 2174 391 2238 in
418 2173 568 2258 Aegypto
593 2174 644 2239 rel
668 2175 775 2239 clarae
800 2176 956 2240 Persidos
981 2175 1058 2251 oris,

206 2281 391 2357 Hebraeos
417 2282 546 2347 Arabos
570 2282 659 2347 inter
682 2285 716 2345 et
739 2281 916 2351 Ausonios.

160 2389 368 2453 Enumerare
391 2389 501 2466 velim,
525 2393 609 2473 quot
632 2389 738 2453 stellis
762 2389 936 2472 splendeat
959 2390 1084 2463 aether,

90 2500 135 2561 ‘20
209 2496 298 2574 Quot
322 2496 456 2579 capiant
478 2496 587 2579 pisces
612 2514 769 2577 aequora,
794 2495 1019 2560 lustratores.

159 2602 310 2666 Barbara
334 2602 375 2666 sit
400 2603 552 2685 quamvis
576 2603 763 2676 Germania,
790 2604 958 2667 letamen
982 2602 1048 2667 acri

205 2708 342 2792 Ingenio
365 2709 531 2774 medicum
554 2709 693 2793 protulit
716 2709 893 2792 egregium.

162 2817 269 2882 Natus
293 2835 329 2881 es
353 2817 396 2881 ad
418 2816 535 2898 populi
559 2818 755 2881 servandam
779 2838 799 2881 a
823 2820 930 2881 morte
954 2817 1109 2895 salutem,

207 2921 328 3005 Aegris
352 2942 388 2987 es
411 2925 535 2987 certam
560 2922 646 2987 ferre
670 2923 800 3004 peritus
824 2942 933 3003 opem.

93 3034 135 3093 25
161 3029 213 3093 Tu
238 3028 513 3094 medicaminibus
537 3029 694 3111 producis
717 3031 868 3111 tempora
892 3029 1012 3105 ritae„

207 3135 340 3200 Fatales
364 3136 453 3217 cogis
478 3137 618 3200 tendere
642 3135 698 3201 fila
721 3137 810 3200 deas.

162 3241 214 3307 Tu
238 3241 347 3325 pretio
371 3243 494 3308 multos
518 3262 642 3325 aerpras
665 3241 807 3307 feliciter
833 3262 929 3318 uuus,

209 3350 348 3434 Sceptra
371 3349 431 3414 tibi
456 3353 576 3432 parent
600 3350 870 3432 magnanimique
895 3350 1004 3413 duces.

166 3455 352 3520 Herbarum
375 3455 463 3520 vires
487 3460 521 3520 et
545 3455 679 3538 Olympi
703 3454 812 3519 sidera
836 3453 933 3530 nosti,

96 3565 140 3627 30
209 3561 339 3645 Corque
363 3565 457 3627 tuum
482 3562 635 3644 physices
658 3562 767 3646 portio
794 3562 885 3625 nulla
909 3562 999 3625 latet.

166 3668 243 3731 l'ire
268 3668 324 3733 diu
348 3669 517 3751 vitamque.
541 3668 603 3751 piis
628 3668 824 3734 mortalibus
849 3688 941 3750 auge,

209 3774 288 3840 Arte
312 3774 447 3840 salutari
473 3778 580 3839 taetra
604 3795 733 3840 venena
757 3776 889 3856 fugans!
