2632 4718
523 728 741 799 -17-

594 912 682 977 ΧΙΙΙ.

499 1035 561 1104 Ex
584 1035 769 1118 eodem.¹)

296 1179 385 1243 Ante
424 1178 535 1243 omnia
573 1179 740 1244 curabunt
778 1177 936 1260 magistri,
975 1179 1073 1244 bonis
1111 1199 1168 1245 eos

209 1288 310 1368 atque
341 1285 491 1368 antiquis
527 1284 743 1368 probatisque
778 1285 972 1349 auctoribus
1007 1285 1169 1367 imbuere,

209 1393 298 1473 quod
315 1391 523 1473 temporibus
539 1393 662 1455 nostris
683 1390 824 1456 maxime
841 1390 1082 1472 deplorandum
1107 1397 1167 1457 est.

209 1498 293 1561 Nam
324 1518 363 1560 eo
388 1498 577 1561 docentium
601 1496 733 1561 inscitia
757 1498 906 1572 devenit,
940 1501 977 1562 ut
1000 1499 1164 1580 quaedam

143 1607 164 1668 5
208 1607 365 1685 portenta
396 1603 557 1667 librorum
581 1603 720 1686 (quibus
744 1602 824 1666 nihil
848 1603 1006 1684 ineptius
1031 1603 1167 1668 stultius

209 1710 399 1774 deteriusve
435 1708 499 1772 dici
535 1711 651 1793 queat)
686 1708 846 1773 discenda
884 1710 999 1791 pueris
1033 1711 1169 1775 tradant

209 1821 377 1897 tamquam
410 1816 460 1880 lac
484 1816 654 1897 quoddam
677 1818 776 1896 gustu
800 1835 862 1878 suo
885 1815 1032 1880 omnium
1057 1816 1169 1898 puris·

208 1922 328 1985 simum
354 1924 454 2003 atque
478 1922 724 2000 suavissimum,
752 1941 828 1984 cum
858 1924 975 1986 contra
999 1941 1165 1986 venenum

209 2029 336 2093 nullum
366 2028 413 2091 eis
444 2027 574 2092 tristius
602 2027 844 2108 nocentiusque
876 2027 929 2090 sit.
975 2028 1068 2105 Quae
1093 2027 1166 2091 iure

123 2136 168 2197 ltl
209 2136 327 2197 merito
372 2134 459 2198 ultra
487 2134 702 2198 Sauromatas
731 2133 956 2215 deportanda,
996 2153 1038 2198 ue
1078 2134 1169 2215 apud

208 2240 330 2303 liberos
360 2240 512 2304 homines
542 2238 701 2304 memoria
730 2258 846 2303 eorum
883 2239 1082 2320 haberetur,
1111 2241 1169 2304 aut

207 2346 312 2428 (quod
335 2347 440 2410 satius
463 2345 563 2429 soret)
588 2346 729 2410 delenda
749 2349 919 2409 aeternum
944 2349 1045 2427 atque
1073 2364 1168 2426 sepe-

209 2452 319 2516 lienda
341 2456 464 2516 essent.

593 2629 676 2692 xlv.

499 2752 561 2821 Ex
585 2751 771 2832 eodem.¹)

298 2896 372 2961 Non
396 2896 562 2960 immerito
579 2895 680 2976 igitur
700 2894 874 2975 Vergilium
899 2899 1070 2977 tamquam
1089 2913 1169 2977 poe·

208 3005 317 3066 tarum
341 3002 489 3068 omnium
515 3002 799 3083 elegantissimum
817 3006 917 3083 atque
934 3001 1167 3082 gravissimum

208 3108 304 3188 pueri
321 3108 483 3190 imprimis
501 3127 601 3189 quam
619 3107 760 3171 maxime
777 3108 954 3189 legendum
972 3094 1166 3190 suscipient.

604 3303 670 3366 XV.

226 3426 288 3494 Ex
310 3425 542 3513 Hieronymi
565 3424 735 3514 epistola
757 3425 810 3494 ad
832 3425 1009 3494 Laetam.
1021 3427 1046 3509 ¹)

296 3571 452 3651 Magister
476 3571 601 3651 probae
629 3571 750 3634 aetatis
779 3573 812 3632 et
837 3568 924 3633 ritae
949 3567 1168 3633 conditionis-

209 3697 274 3758 que
299 3681 349 3740 est
373 3677 578 3758 deligendus.
615 3677 691 3758 lpse
715 3676 804 3740 enim
828 3675 1069 3740 elementorum
1087 3675 1168 3739 ordo

209 3787 241 3846 et
265 3783 430 3847 institutio
447 3787 702 3864 praeceptorum
728 3781 824 3846 aliter
846 3781 887 3844 de
905 3781 1046 3858 erudito,
1071 3780 1169 3844 aliter

209 3891 249 3954 de
279 3889 401 3954 rustico
432 3911 489 3954 ore
514 3889 692 3972 profertur.
744 3888 814 3951 Nec
839 3888 946 3951 diseat
976 3886 1010 3950 in
1041 3889 1168 3966 tenere,

146 3995 166 4058 5
210 3997 298 4078 qnod
330 3995 360 4058 ei
393 3999 508 4076 postea
539 3996 775 4059 dediscendum
817 3997 877 4057 est.
944 3993 1168 4057 Gracchorum

209 4101 416 4182 eloquentiae
441 4102 584 4166 multum
607 4102 649 4164 ab
666 4099 806 4164 infantia
823 4118 932 4162 sermo
957 4097 1072 4161 matris
1089 4117 1168 4161 con-

209 4208 327 4271 tulisse
351 4207 517 4271 scribitur.
566 4206 739 4271 Hortensii
770 4205 876 4270 oratio
900 4205 988 4267 inter
1011 4205 1168 4285 paternos

209 4313 303 4377 sinus
327 4313 459 4377 coaluit.
484 4313 669 4377 Difficulter
685 4311 823 4389 raditur,
840 4311 930 4391 quod
950 4309 1047 4372 rudes
1064 4309 1166 4373 anirni

956 4417 975 4480 ἓ
