2632 4718
544 124 582 131 ..
638 91 694 147 lus
744 126 781 132 —

201 265 300 339 llaec,
326 268 359 326 ut
385 284 458 326 rura
483 264 627 344 quidem,
652 264 699 326 sic
724 268 773 326 est
798 264 981 326 clarissima
1006 266 1120 342 uirtus,

243 371 356 433 Aurea
378 369 558 452 praecipue
583 369 702 433 nobilis
725 389 784 433 ora
807 372 909 433 tenet.

154 478 174 540 5
199 476 334 540 Lucifer
356 477 446 540 haud
470 477 553 541 adeo
577 476 749 550 mirabilis,
774 476 863 540 baud
887 475 934 540 ita
958 475 1062 558 fulget

245 583 426 664 Hesperus,
451 601 588 647 occasus
611 583 687 665 igno
710 581 854 646 micante
878 601 1032 664 sequens.

200 689 290 754 Haec
314 690 349 753 in
374 709 409 753 se
432 688 556 773 pariter
579 688 718 753 virtutes
742 688 893 753 continet
915 707 1040 764 omnes,

246 796 318 861 Hac
343 799 495 860 nostrum
518 797 612 859 vasto
637 796 767 860 constat
791 795 825 858 in
849 795 930 860 orbe
953 814 1065 877 genus,

201 902 330 984 Cuique
355 922 453 966 sunm
477 902 628 967 tribuens
652 902 781 967 nullum
806 901 981 966 defraudat
1004 903 1037 965 et
1060 901 1151 965 ausis

134 1010 175 1073 10
243 1008 368 1090 Inssigit
390 1029 531 1092 poenam
557 1008 714 1091 turpibus
738 1008 795 1072 illa
819 1027 942 1090 parem.

200 1113 276 1179 Non
300 1115 389 1192 sinit,
413 1117 451 1179 ut
474 1115 588 1180 vivant
611 1114 768 1179 mortales
792 1134 883 1179 more
906 1113 1062 1191 serarum,

244 1221 319 1286 Non
343 1220 423 1285 sinit
445 1220 480 1285 in
504 1221 638 1302 rapidos
663 1223 863 1303 degenerare
888 1219 1002 1301 lupos3
1037 1225 1038 1229 ’

199 1326 297 1391 Eiicit
320 1330 464 1393 astutam
489 1328 606 1410 rapido
631 1329 672 1393 de
695 1331 829 1409 pectore
851 1327 988 1409 vulpem

244 1434 285 1497 Et
307 1435 429 1516 gaudet
452 1434 572 1498 mentis
596 1433 809 1516 simplicitate
834 1433 970 1517 probae.

136 1541 173 1601 15
199 1539 340 1603 Insidias
364 1541 468 1622 pellit,
493 1540 676 1618 mendacia,
699 1543 797 1619 furta,
821 1539 967 1622 rapinas,

244 1645 346 1727 Turpi
370 1647 525 1729 periuros
548 1645 650 1712 afficit
673 1646 729 1710 illa
754 1649 841 1712 nota.

198 1751 258 1816 Illa
282 1752 357 1816 tulit
381 1753 480 1834 leges,
505 1753 594 1817 cives
618 1751 789 1818 coniunxit
812 1755 847 1817 in
870 1771 937 1816 una

244 1858 375 1923 Moenia
398 1859 533 1923 vivendi
557 1859 795 1942 constituitque
822 1859 957 1924 modum

199 1965 241 2028 Et
264 1965 365 2029 nullis
389 1965 556 2049 precibus
580 1966 671 2030 nullo
695 1966 921 2048 corrumpitur
945 1985 1036 2042 auro,

134 2072 177 2134 ‘20
243 2072 359 2154 Aeque
384 2072 545 2137 divitibus
567 2071 842 2155 pauperibusque
866 2072 991 2137 favens.

200 2178 296 2242 Hanc
320 2180 401 2243 colis
425 2180 560 2258 invicto
584 2179 634 2243 ric
658 2178 953 2261 praestantissime,
978 2178 1077 2243 corde

245 2285 287 2349 Et
311 2286 461 2367 sequeris
485 2287 606 2351 summi
631 2287 722 2350 iussa
745 2286 891 2349 verenda
916 2283 979 2349 dci.

201 2384 354 2456 Mortales
379 2393 483 2456 maris
507 2413 661 2475 proceres
685 2392 856 2456 offendere
880 2392 962 2470 iure,

245 2498 354 2576 Quam
378 2519 517 2580 superos
542 2502 632 2563 recta
656 2520 722 2563 non
746 2498 925 2580 gradiendo
949 2499 1011 2560 ria.

135 2607 176 2669 ⁴25
203 2604 292 2667 Hinc
317 2608 430 2669 manet
453 2605 594 2668 aetherii
618 2610 652 2670 te
677 2605 820 2668 murima
843 2603 946 2684 gloria
970 2602 1064 2682 coeti,

248 2712 436 2794 Perpetuus
461 2711 546 2775 iuste
569 2712 657 2776 sacta
681 2713 838 2794 sequetur
862 2711 976 2774 honor.

627 2977 711 3042 rur.

134 3098 198 3168 Ad
226 3099 492 3169 venerabilem
527 3103 568 3169 et
588 3113 833 3188 ,generosum
864 3099 1069 3168 dominum
1099 3098 1195 3166 Her·

134 3223 327 3275 mannum
351 3207 401 3277 de
424 3207 590 3296 Langen
601 3209 636 3292 ¹),
661 3206 851 3276 ecclesiae
868 3204 1198 3276 monasteriensis
1306 3193 1309 3211 ⁴

562 3313 768 3383 decanum.

477 3421 537 3490 De
560 3419 863 3509 magnificentia.

160 3569 175 3627 1
203 3565 250 3628 Te
275 3565 391 3628 merito
416 3563 521 3626 virtus
545 3583 639 3628 sacro
664 3562 828 3627 decorarit
851 3562 987 3636 honore,

247 3672 324 3736 Iure
347 3669 544 3756 magistratu
569 3669 715 3752 iungeris
740 3669 880 3751 egregio.
