2632 4718
620 700 816 763 ..8-

204 879 247 941 ‘20
319 876 440 942 Bacclri
465 877 518 941 rel
543 875 692 949 Veneris,
717 894 783 938 non
808 893 902 937 mous
925 872 980 936 ille
1004 872 1118 936 cliens.

271 983 398 1062 Scribe,
423 984 512 1065 quod
537 983 699 1066 innuptae
724 981 854 1063 possint
878 1000 1062 1044 memorare
1086 979 1227 1062 puellae,

316 1090 412 1166 Quod
437 1090 573 1153 Senecis
598 1089 727 1173 placeat
751 1086 997 1168 Socraticisque
1023 1086 1117 1150 viris!

268 1197 403 1274 Soccus,
429 1216 520 1278 epos,
545 1194 647 1271 mimi,
672 1196 804 1274 satirae,
829 1195 908 1275 lyra,
933 1192 1026 1271 silva,
1050 1193 1246 1268 cothurnus

320 1301 404 1366 Cum
429 1302 565 1366 calamis
589 1301 672 1383 elegi
697 1321 771 1365 cum
796 1300 989 1382 salibusque
1013 1299 1088 1378 ioci,

203 1409 244 1471 ib
271 1407 437 1471 Carminis
461 1428 560 1473 omne
583 1427 689 1489 genus
712 1407 853 1471 virtutes
877 1406 1034 1470 laudibus
1058 1408 1164 1482 ornat,

316 1511 369 1576 Ad
392 1512 541 1594 placidos
565 1532 674 1576 mores
698 1534 795 1578 omne
819 1521 939 1595 poema
963 1512 1051 1576 lacit.

264 1617 436 1682 Threicias
459 1618 657 1700 Siculasque
682 1622 715 1683 et
739 1620 857 1684 Graias
881 1624 959 1685 ante
984 1640 1138 1684 camenas

317 1724 491 1789 Hebraeos
515 1725 602 1789 inter
625 1728 725 1789 notus
749 1725 870 1807 Apollo
894 1726 952 1791 fui.
992 1799 993 1802 Ἴ

265 1831 405 1896 Fatidici
429 1830 579 1895 numeris
603 1832 753 1897 cecinere
776 1833 912 1898 oracula
937 1834 1041 1910 rates

203 1937 247 2001 30
315 1937 526 2002 Carminibus
550 1939 636 2002 sacri
659 1958 885 2021 concrepuere
909 1940 1011 2004 ebori.

263 2029 465 2109 Israeliti'cae
489 2044 596 2126 gentis
620 2047 685 2109 dux
709 2045 857 2110 inclutus
880 2047 936 2110 ille

318 2151 426 2215 Mersa
451 2150 598 2216 laudavit
621 2152 773 2217 rensibus
797 2154 893 2217 hoste
918 2153 1027 2216 deum.

268 2258 383 2323 Dulcia
408 2258 548 2321 mutarit
572 2258 658 2322 tristi
682 2259 842 2341 psalteria
864 2260 953 2323 bello

317 2365 389 2428 Rex
413 2363 582 2446 armisque
607 2370 727 2446 potens
752 2366 1018 2448 conspicuusque
1043 2367 1122 2448 lyra.

204 2470 246 2534 35
272 2470 467 2552 Composuit
491 2473 603 2536 nostra
628 2471 802 2535 redimitus
827 2473 943 2536 fronde
967 2472 1168 2552 Iuvencusl)

318 2578 453 2641 Sacram
477 2577 640 2660 evangelii
665 2579 815 2643 versibus
839 2578 1022 2644 historiam.
1069 2637 1072 2643 .

228 2750 231 2755 ,
272 2682 468 2769 Sedulius4)
491 2684 626 2749 Christo
650 2685 805 2766 paschale
828 2695 947 2768 potina
971 2685 1090 2751 dicarit

315 2790 456 2872 Quoque
480 2792 642 2855 salutatur
665 2793 811 2856 carmine
836 2797 951 2857 sancta
974 2813 1106 2875 parens.

264 2895 404 2978 Scripsit
427 2898 600 2978 apostolici
625 2898 809 2963 clarissima
832 2903 923 2981 gesta
948 2904 1093 2976 senatus,

200 3003 244 3065 40
312 3003 376 3078 Qui
400 3004 456 3084 pia
482 3003 585 3067 divini
610 3006 695 3069 ruris
719 3010 829 3071 aratra
854 3009 956 3071 tenet.
972 3006 1000 3091 ⁵)

263 3109 413 3173 Alcimus
437 3109 571 3176 lrcroico
595 3132 694 3175 versu
718 3114 918 3194 pramlarus
946 3113 1095 3198 Avitusl)

318 3215 386 3279 Res
409 3215 531 3280 cecinit
555 3237 664 3282 sacras
690 3219 891 3301 eloquioque
916 3220 1016 3299 gravi.

262 3321 356 3397 Quae
374 3323 520 3386 numeris
537 3325 671 3408 scripsit
685 3326 783 3390 cultis
804 3327 1046 3409 epigrammata
1065 3327 1250 3409 Prosperll.

314 3429 499 3494 Instituunt
522 3431 652 3497 animos
676 3432 835 3515 religione
860 3433 923 3496 dei.

199 3534 604 3602 45Amb1osiussacms
629 3539 720 3603 dedit
742 3544 777 3604 et
802 3539 1039 3620 Prudentiust)
1064 3541 1204 3618 hymnos

316 3642 354 3706 In
378 3663 537 3726 superum
562 3645 705 3721 laudem,
730 3666 814 3726 quos
838 3646 894 3727 pia
918 3646 1016 3710 turba
1041 3645 1139 3710 canit.

273 3748 454 3829 bangius9)
479 3749 534 3814 ille
559 3770 663 3827 meus
688 3752 857 3815 illusarum
882 3752 1020 3815 llumine
1044 3753 1175 3833 plenus,

314 3855 444 3937 Arguto
468 3855 630 3920 citharam
653 3858 772 3940 pollice
797 3859 1000 3940 percutiens,

269 3961 403 4037 Christi,
428 3982 494 4026 non
521 3963 667 4044 Veneris,
693 3965 896 4030 rubicundos
921 3965 1082 4048 sanguino
1108 3968 1207 4030 llores

203 4068 246 4130 50
315 4067 362 4132 De
387 4068 494 4150 spinis
519 4070 608 4152 legit,
632 4071 776 4137 maxima
798 4072 900 4155 virg0,
925 4073 1001 4153 tibi;

263 4174 433 4240 Pallentes
457 4177 570 4258 posuit
594 4178 698 4243 riolas
723 4181 756 4242 et
780 4180 922 4244 candida
947 4180 1071 4244 circum

314 4281 409 4360 Lilia,
434 4284 595 4349 mellifluo
618 4288 752 4350 nectare
776 4288 866 4351 serta
890 4286 1011 4368 rigans.
