2632 4718
494 706 730 769 -123-

169 883 206 949 Si
229 882 311 948 mihi
334 881 427 947 mille
451 882 560 946 fluant
583 882 712 946 celeres
735 881 770 944 in
794 881 942 945 carmina
965 879 1109 962 linguae,

78 992 146 1055 130
214 990 337 1054 Ferrea
359 1009 423 1055 vox
447 989 540 1054 nullo
563 988 652 1052 lassa
676 987 790 1052 labore
813 988 922 1065 cadat,

171 1096 271 1160 Haud
294 1099 407 1160 tamen
431 1094 522 1159 illius
545 1095 672 1177 patriae
695 1113 757 1177 pro
782 1093 927 1158 culmine
952 1114 1063 1158 rerum

216 1202 276 1266 Vel
300 1201 472 1266 minimam
495 1202 629 1266 laudem
652 1219 911 1264 commemorare
935 1219 1070 1283 queam;

172 1308 258 1374 Nam
282 1308 603 1390 deusomnipotens
628 1309 661 1372 et
684 1305 919 1371 inenarrabilis
943 1327 1048 1389 agrius

216 1414 364 1479 Illustrat
387 1433 517 1479 summo
540 1415 659 1478 cuncta
683 1412 792 1478 nitore
816 1414 903 1492 loca3

83 1523 146 1586 135
171 1521 220 1585 De
244 1519 337 1584 cuius
360 1519 445 1584 solio
470 1520 591 1584 llurius
616 1519 828 1585 dulcissimus
853 1519 930 1596 exit,

215 1625 333 1691 Vitalis
356 1625 483 1691 fructus
506 1646 641 1709 semper
664 1628 699 1690 et
722 1627 822 1691 arbor
845 1626 963 1702 habet;

173 1732 270 1797 Unde
294 1732 384 1796 salus
407 1733 533 1815 populo
557 1732 743 1798 certissima
765 1732 919 1816 provenit
941 1730 1042 1806 omui,

218 1840 397 1904 Permanet
421 1859 460 1904 ac
482 1840 574 1904 nulla
598 1840 667 1904 vita
689 1840 829 1904 terenda
852 1837 916 1903 die.

195 1945 291 2011 Hanc
314 1937 495 2028 igitur'pia
519 1966 612 2011 mens
636 1945 764 2011 intrans
788 1945 927 2010 feliciter
950 1943 1068 2007 urbem

85 2045 152 2118 1240
220 2050 366 2117 Mirificis
390 2052 513 2134 gaudet
537 2051 784 2135 suscipiturque
808 2051 924 2117 modis

175 2159 317 2224 Ducitur
340 2157 460 2224 eximio
485 2179 644 2243 superum
668 2161 818 2242 spectata
841 2157 1021 2238 triumpho,

219 2265 262 2329 Et
286 2285 371 2331 nova
395 2265 460 2329 iam
483 2267 575 2331 totus
599 2265 721 2348 gaudia
744 2265 889 2330 mundus
913 2263 990 2344 agit.

174 2371 296 2438 Obviat
319 2371 396 2436 hinc
420 2374 533 2436 vatum
557 2360 759 2437 venerabilis
782 2372 862 2435 ordo
886 2369 1027 2453 piorum,

218 2478 312 2544 Illinc
336 2477 492 2560 martyrio
516 2479 606 2544 clara
629 2482 763 2543 caterva
787 2479 850 2542 dei.

90 2585 152 2649 145
176 2585 224 2649 Ex
247 2586 310 2650 hac
333 2585 501 2667 virgineus
525 2585 675 2670 graditur
699 2586 797 2666 porta
820 2583 950 2658 chorus
975 2583 1032 2647 illa

220 2691 372 2775 Coniugii
397 2691 509 2773 prodit
531 2692 630 2757 turba
653 2691 793 2773 probata
817 2689 931 2755 sacris.

176 2798 315 2882 Singula
338 2798 492 2863 nobilitat
516 2797 633 2863 melico
657 2797 854 2880 symphonia
878 2798 975 2861 cantu

221 2904 373 2988 Agmina,
398 2904 547 2970 sincerus
571 2906 675 2970 claret
698 2904 823 2986 ubique
846 2923 957 2968 canor.

177 3012 250 3076 Rex
273 3011 379 3076 David
402 3032 484 3076 auro
509 3013 541 3076 et
564 3011 664 3093 Tyrio
688 3010 882 3093 spectabilis
906 3011 996 3073 ostro

23 3177 24 3180 ,
91 3118 153 3182 150
221 3116 341 3182 Nobile
365 3117 504 3182 mirifico
528 3117 647 3199 pollice
669 3117 782 3200 pulsat
805 3117 889 3179 ebur

177 3223 389 3307 Felicemque
413 3227 506 3290 vocat
531 3225 700 3290 hominem
724 3224 924 3307 penitusque
948 3223 1092 3298 beatum,

221 3330 287 3408 Qui
312 3329 438 3396 domini
463 3350 579 3395 servus
603 3329 723 3411 sugerit
746 3349 844 3393 omne
869 3328 1003 3392 malum.

178 3437 256 3520 lpsa
279 3438 332 3503 dei
356 3440 471 3516 mater,
496 3457 608 3501 rerum
631 3437 856 3519 pulcherrima
879 3436 982 3517 virgo,

220 3543 378 3608 Adventu
402 3543 534 3608 reducis
559 3543 645 3607 laeta
668 3541 797 3607 clientis
821 3542 925 3606 adest.

92 3651 153 3714 155
179 3649 292 3715 Dulcia
317 3650 457 3715 dilectae
482 3650 628 3732 defigens
652 3649 767 3714 oscula
790 3647 889 3714 tronti

222 3756 354 3821 lucluta
378 3755 510 3839 spiritui
535 3757 592 3821 dat
615 3776 750 3839 quoque
776 3756 863 3819 dona
887 3755 952 3836 pio.

180 3861 293 3927 Aurea
316 3881 378 3945 pro
401 3864 512 3927 vernis
536 3863 645 3927 reddit
669 3862 856 3927 diademata
879 3859 987 3937 sertia,

224 3969 380 4034 Gemmea
404 3989 464 4052 pro
487 3989 582 4035 roseo
606 3971 780 4032 stemmate
804 3970 896 4031 texta
920 3966 1034 4030 refert.

179 4075 375 4140 Ambrosiae
399 4095 515 4139 succos
539 4078 570 4139 et
595 4076 714 4139 mellea
737 4073 880 4136 nectaris
904 4071 998 4136 addit

88 4182 156 4247 -160
225 4182 347 4246 Pocula
371 4181 499 4246 divinos
523 4181 775 4262 accumulatque
800 4181 902 4244 sartos.

179 4287 391 4369 Adducitque
416 4306 477 4350 suo
500 4289 607 4352 mater
630 4285 849 4351 blandissima
872 4286 959 4363 nato,
