2632 4718
535 738 753 803 ..33-

225 918 329 991 amet,
366 915 422 997 qui
454 917 577 989 faveat,
609 914 673 980 nisi
709 915 783 996 ipsa
811 917 905 997 quasi
941 918 1116 998 praestans
1146 920 1179 982 et

223 1011 443 1103 praelloratae
475 1022 673 1104 virginitatis
703 1026 841 1103 accepta
871 1023 1064 1087 mercedula
1094 1025 1179 1088 male

223 1132 375 1210 paralum
400 1150 456 1193 aes
488 1129 521 1191 in
551 1128 707 1192 amatoris
737 1129 882 1192 arculam
915 1129 1047 1193 referat.
1087 1129 1179 1206 Quae

223 1236 335 1299 omnia
352 1257 411 1316 ego
437 1255 503 1299 non
528 1236 600 1298 siue
625 1255 754 1299 summo
772 1236 884 1301 dolore
902 1239 935 1299 et
952 1235 1180 1317 indignatione

223 1343 257 1404 in
283 1342 380 1405 huius
404 1341 564 1424 temporis
589 1362 655 1404 non
681 1341 862 1424 principes,
887 1343 945 1405 sed
963 1341 1180 1424 philosophos

223 1449 307 1519 dieo,
333 1449 389 1530 qui
414 1449 488 1512 ideo
520 1467 586 1510 non
611 1468 683 1511 esse
713 1449 1018 1529 philosophandum
1050 1452 1083 1511 et
1107 1468 1179 1512 ere·

223 1556 305 1617 dunt
330 1558 362 1617 et
379 1555 585 1634 praedicant,
604 1555 692 1635 quod
708 1554 916 1636 philosophis
934 1554 1023 1618 nulla
1040 1574 1179 1635 merceS,

224 1662 313 1723 nulla
338 1661 402 1724 sint
420 1661 570 1743 praemia
592 1661 784 1727 constituta.
802 1662 896 1742 quasi
917 1682 984 1725 non
1000 1662 1180 1725 ostendant

223 1766 285 1848 ipsi
311 1768 373 1829 hoc
405 1787 471 1829 uuo
502 1767 652 1843 nomine,
683 1786 719 1829 se
748 1786 814 1831 uon
844 1786 917 1830 esse
947 1766 1176 1849 philosophae,

135 1876 176 1936 15
225 1875 324 1954 quod,
356 1893 431 1936 cum
467 1876 536 1937 tota
567 1892 682 1936 eorum
712 1874 781 1936 rita
811 1872 853 1935 sit
884 1874 935 1936 vel
970 1871 1004 1935 in
1036 1875 1178 1953 quaestu

223 1980 273 2042 rel
304 1980 338 2041 in
371 1978 553 2043 ambitione
583 1980 706 2060 posita,
737 1979 845 2060 ipsam
875 1998 936 2060 per
965 1999 1001 2041 se
1026 1979 1178 2042 veritatis

222 2085 444 2166 cognitionem
469 2105 535 2148 nou
560 2086 817 2166 amplectuntur.

611 2335 675 2398 XC.

125 2474 304 2544 Joannes
329 2473 566 2543 Franciscus
590 2473 707 2543 Picus
731 2474 908 2544 Thomae
932 2473 1128 2562 Wolphio.
1137 2476 1164 2562 1)

311 2637 358 2699 De
376 2635 550 2700 dialectica
574 2636 616 2699 ad
632 2634 738 2699 filium
762 2636 864 2699 libros
882 2636 1030 2718 quinque
1048 2635 1179 2719 scripsi,

219 2743 278 2805 sed
302 2745 336 2804 ct
360 2742 507 2805 animum
531 2742 711 2823 aliquando
735 2743 933 2824 appuleram
957 2744 999 2806 ad
1024 2743 1177 2807 scriben-

221 2848 301 2910 dum
325 2848 501 2911 universae
525 2848 755 2929 philosophiae
777 2847 1028 2927 consectarium,
1050 2867 1179 2923 verum,

223 2953 379 3035 quoniam
412 2954 446 3018 id
475 2953 624 3017 muneris
652 2974 728 3018 cum
753 2955 906 3031 (Jlraecis,
946 2957 1017 3018 tum
1050 2953 1179 3018 Latinis

154 3064 173 3124 ὁ
220 3060 414 3123 auctoribus
455 3060 671 3125 multifariam
711 3064 892 3125 tractatum
927 3060 1088 3142 sciebam,
1131 3061 1174 3125 ad

223 3166 309 3229 hanc
333 3166 418 3230 diem
436 3167 593 3243 abstinui,
618 3167 743 3247 logicen
768 3168 871 3231 solam
890 3166 1072 3247 amplexus,
1089 3185 1175 3248 quae

219 3277 256 3336 ut
280 3274 452 3336 commode
486 3277 518 3337 et
550 3273 667 3338 Latine
696 3273 974 3354 perscriberetur,
1004 3272 1177 3336 desidera-

219 3379 318 3441 batur
342 3399 361 3441 a
385 3380 509 3443 multis
557 3380 595 3443 ld
623 3381 732 3460 ipsum
762 3380 873 3442 oneris
906 3379 1048 3443 libenter
1079 3378 1178 3451 obiri,

220 3486 292 3547 tum
316 3485 406 3565 quod
430 3485 463 3561 ii,
489 3486 546 3567 qui
571 3486 696 3549 Graece
722 3485 894 3562 nesciunt,
919 3485 955 3547 in
980 3484 1076 3548 Latio
1100 3503 1174 3547 rer-

137 3591 176 3654 10
223 3591 285 3653 sati
310 3592 490 3655 barbarum
515 3592 627 3655 nescio
645 3590 777 3672 quidet
794 3592 1058 3673 praeposterum,
1083 3590 1178 3653 cuius

224 3696 368 3760 stridore
386 3699 574 3761 scholarum
592 3697 750 3761 subsellia
767 3696 975 3778 franguntur,
1000 3697 1087 3759 ferre
1111 3714 1178 3759 non

220 3806 361 3884 possunt
377 3804 411 3865 et
428 3805 559 3885 pedem,
584 3804 642 3867 uhi
660 3803 849 3886 conler·re*)
874 3803 1007 3873 dehent,
1032 3801 1176 3865 maxime

221 3908 481 3985 1·elerunt‚tum
510 3913 547 3974 ut
572 3909 638 3973 filio
663 3912 705 3974 ad
733 3910 859 3973 isthaec
887 3908 1001 3972 studia
1033 3908 1097 3972 iam
1124 3928 1179 3971 ac-

222 4014 329 4078 cincto
354 4035 420 4079 non
446 4015 528 4080 nihil
552 4017 626 4097 opis
650 4016 814 4080 afferrem.

198 4277 223 4348 *l
244 4280 278 4330 ll:
300 4280 423 4348 perferre.
