<?xml version="1.0" encoding="UTF-8"?>
<!DOCTYPE html PUBLIC "-//W3C//DTD XHTML 1.0 Transitional//EN"
    "http://www.w3.org/TR/xhtml1/DTD/xhtml1-transitional.dtd">
<html xmlns="http://www.w3.org/1999/xhtml" xml:lang="en" lang="en">
 <head>
  <title>
</title>
<meta http-equiv="Content-Type" content="text/html;charset=utf-8" />
  <meta name='ocr-system' content='tesseract 3.04.00' />
  <meta name='ocr-capabilities' content='ocr_page ocr_carea ocr_par ocr_line ocrx_word'/>
</head>
<body>
  <div class='ocr_page' id='page_1' title='image "./ausgewhltewerke00bmgoog_0396.png"; bbox 0 0 2632 4718; ppageno 0'>
   <div class='ocr_carea' id='block_1_1' title="bbox 550 728 771 798">
    <p class='ocr_par' dir='ltr' id='par_1_1' title="bbox 550 728 771 798">
     <span class='ocr_line' id='line_1_1' title="bbox 550 728 771 798; baseline -0.005 -19"><span class='ocrx_word' id='word_1_1' title='bbox 550 728 771 798; x_wconf 68' lang='lat'>-15-</span> 
     </span>
    </p>
   </div>
   <div class='ocr_carea' id='block_1_2' title="bbox 638 908 682 973">
    <p class='ocr_par' dir='ltr' id='par_1_2' title="bbox 638 908 682 973">
     <span class='ocr_line' id='line_1_2' title="bbox 638 908 682 973; baseline 0 0"><span class='ocrx_word' id='word_1_2' title='bbox 638 908 682 973; x_wconf 93' lang='lat' dir='ltr'><strong>IX</strong></span> 
     </span>
    </p>
   </div>
   <div class='ocr_carea' id='block_1_3' title="bbox 126 1029 1201 1323">
    <p class='ocr_par' dir='ltr' id='par_1_3' title="bbox 126 1029 1201 1323">
     <span class='ocr_line' id='line_1_3' title="bbox 126 1029 1197 1120; baseline -0.003 -20"><span class='ocrx_word' id='word_1_3' title='bbox 126 1030 176 1100; x_wconf 92' lang='lat' dir='ltr'><strong>In</strong></span> <span class='ocrx_word' id='word_1_4' title='bbox 191 1029 444 1118; x_wconf 78' lang='lat' dir='ltr'><strong>paedagogos</strong></span> <span class='ocrx_word' id='word_1_5' title='bbox 469 1034 509 1099; x_wconf 87' lang='lat' dir='ltr'><strong>et</strong></span> <span class='ocrx_word' id='word_1_6' title='bbox 529 1030 825 1120; x_wconf 79' lang='lat' dir='ltr'><strong>grammatistas</strong></span> <span class='ocrx_word' id='word_1_7' title='bbox 845 1049 988 1119; x_wconf 83' lang='lat' dir='ltr'><strong>parum</strong></span> <span class='ocrx_word' id='word_1_8' title='bbox 1009 1031 1197 1101; x_wconf 87' lang='lat' dir='ltr'><strong>eruditos.</strong></span> 
     </span>
     <span class='ocr_line' id='line_1_4' title="bbox 130 1136 1201 1323; baseline 0.002 -118"><span class='ocrx_word' id='word_1_9' title='bbox 130 1136 195 1205; x_wconf 79' lang='lat' dir='ltr'><strong>Ex</strong></span> <span class='ocrx_word' id='word_1_10' title='bbox 216 1136 513 1206; x_wconf 80' lang='lat' dir='ltr'><strong>institutionum</strong></span> <span class='ocrx_word' id='word_1_11' title='bbox 542 1137 806 1323; x_wconf 53' lang='lat' dir='ltr'><strong>offdidliriim</strong></span> <span class='ocrx_word' id='word_1_12' title='bbox 829 1137 943 1207; x_wconf 82' lang='lat' dir='ltr'><strong>Fabii</strong></span> <span class='ocrx_word' id='word_1_13' title='bbox 965 1137 1201 1232; x_wconf 72' lang='lat' dir='ltr'><strong>Quintiliani</strong></span> 
     </span>
    </p>
   </div>
   <div class='ocr_carea' id='block_1_4' title="bbox 157 1387 1199 2845">
    <p class='ocr_par' dir='ltr' id='par_1_4' title="bbox 238 1387 1198 1788">
     <span class='ocr_line' id='line_1_5' title="bbox 326 1387 1198 1471; baseline 0 -21"><span class='ocrx_word' id='word_1_14' title='bbox 326 1387 373 1451; x_wconf 87' lang='lat' dir='ltr'><strong>De</strong></span> <span class='ocrx_word' id='word_1_15' title='bbox 396 1388 595 1471; x_wconf 80' lang='lat' dir='ltr'><strong>paedagogis</strong></span> <span class='ocrx_word' id='word_1_16' title='bbox 621 1389 683 1451; x_wconf 89' lang='lat' dir='ltr'><strong>hoc</strong></span> <span class='ocrx_word' id='word_1_17' title='bbox 707 1387 868 1469; x_wconf 58' lang='lat' dir='ltr'><strong>amplius</strong></span> <span class='ocrx_word' id='word_1_18' title='bbox 893 1390 930 1450; x_wconf 91' lang='lat' dir='ltr'><strong>nt</strong></span> <span class='ocrx_word' id='word_1_19' title='bbox 952 1390 1010 1452; x_wconf 91' lang='lat' dir='ltr'><strong>aut</strong></span> <span class='ocrx_word' id='word_1_20' title='bbox 1033 1387 1100 1451; x_wconf 87' lang='lat' dir='ltr'><strong>sint</strong></span> <span class='ocrx_word' id='word_1_21' title='bbox 1122 1407 1198 1451; x_wconf 89' lang='lat' dir='ltr'><strong>eru-</strong></span> 
     </span>
     <span class='ocr_line' id='line_1_6' title="bbox 239 1493 1196 1577; baseline 0.001 -21"><span class='ocrx_word' id='word_1_22' title='bbox 239 1493 299 1557; x_wconf 88' lang='lat' dir='ltr'><strong>diti</strong></span> <span class='ocrx_word' id='word_1_23' title='bbox 323 1495 420 1576; x_wconf 87' lang='lat' dir='ltr'><strong>plane</strong></span> <span class='ocrx_word' id='word_1_24' title='bbox 446 1531 486 1540; x_wconf 89' lang='lat'>—</span> <span class='ocrx_word' id='word_1_25' title='bbox 512 1514 612 1576; x_wconf 92' lang='lat' dir='ltr'><strong>quam</strong></span> <span class='ocrx_word' id='word_1_26' title='bbox 636 1495 780 1577; x_wconf 81' lang='lat' dir='ltr'><strong>primam</strong></span> <span class='ocrx_word' id='word_1_27' title='bbox 804 1514 878 1557; x_wconf 88' lang='lat' dir='ltr'><strong>esse</strong></span> <span class='ocrx_word' id='word_1_28' title='bbox 902 1512 1016 1557; x_wconf 89' lang='lat' dir='ltr'><strong>curam</strong></span> <span class='ocrx_word' id='word_1_29' title='bbox 1040 1493 1138 1558; x_wconf 88' lang='lat' dir='ltr'><strong>relim</strong></span> <span class='ocrx_word' id='word_1_30' title='bbox 1158 1530 1196 1542; x_wconf 92' lang='lat'><em>-</em></span> 
     </span>
     <span class='ocr_line' id='line_1_7' title="bbox 238 1599 1198 1679; baseline -0.001 -15"><span class='ocrx_word' id='word_1_31' title='bbox 238 1603 297 1664; x_wconf 88' lang='lat' dir='ltr'><strong>aut</strong></span> <span class='ocrx_word' id='word_1_32' title='bbox 320 1621 356 1665; x_wconf 90' lang='lat' dir='ltr'><strong>se</strong></span> <span class='ocrx_word' id='word_1_33' title='bbox 380 1621 446 1666; x_wconf 90' lang='lat' dir='ltr'><strong>non</strong></span> <span class='ocrx_word' id='word_1_34' title='bbox 464 1620 537 1664; x_wconf 89' lang='lat' dir='ltr'><strong>esse</strong></span> <span class='ocrx_word' id='word_1_35' title='bbox 555 1600 705 1664; x_wconf 85' lang='lat' dir='ltr'><strong>eruditos</strong></span> <span class='ocrx_word' id='word_1_36' title='bbox 721 1600 840 1664; x_wconf 88' lang='lat' dir='ltr'><strong>sciant.</strong></span> <span class='ocrx_word' id='word_1_37' title='bbox 880 1599 972 1662; x_wconf 87' lang='lat' dir='ltr'><strong>Nihil</strong></span> <span class='ocrx_word' id='word_1_38' title='bbox 989 1599 1078 1662; x_wconf 89' lang='lat' dir='ltr'><strong>enim</strong></span> <span class='ocrx_word' id='word_1_39' title='bbox 1102 1599 1198 1679; x_wconf 88' lang='lat' dir='ltr'><strong>peius</strong></span> 
     </span>
     <span class='ocr_line' id='line_1_8' title="bbox 239 1704 1198 1788; baseline 0 -20"><span class='ocrx_word' id='word_1_40' title='bbox 239 1709 289 1768; x_wconf 92' lang='lat' dir='ltr'><strong>est</strong></span> <span class='ocrx_word' id='word_1_41' title='bbox 311 1705 361 1786; x_wconf 89' lang='lat' dir='ltr'><strong>iis,</strong></span> <span class='ocrx_word' id='word_1_42' title='bbox 394 1707 450 1787; x_wconf 90' lang='lat' dir='ltr'><strong>qui</strong></span> <span class='ocrx_word' id='word_1_43' title='bbox 476 1707 613 1788; x_wconf 87' lang='lat' dir='ltr'><strong>paulum</strong></span> <span class='ocrx_word' id='word_1_44' title='bbox 642 1705 768 1786; x_wconf 85' lang='lat' dir='ltr'><strong>aliquid</strong></span> <span class='ocrx_word' id='word_1_45' title='bbox 799 1706 887 1769; x_wconf 91' lang='lat' dir='ltr'><strong>ultra</strong></span> <span class='ocrx_word' id='word_1_46' title='bbox 915 1705 1040 1787; x_wconf 84' lang='lat' dir='ltr'><strong>primas</strong></span> <span class='ocrx_word' id='word_1_47' title='bbox 1070 1704 1198 1769; x_wconf 80' lang='lat' dir='ltr'><strong>litteras</strong></span> 
     </span>
    </p>

    <p class='ocr_par' dir='ltr' id='par_1_5' title="bbox 177 1809 1199 2317">
     <span class='ocr_line' id='line_1_9' title="bbox 177 1809 1199 1894; baseline 0.001 -21"><span class='ocrx_word' id='word_1_48' title='bbox 177 1813 196 1874; x_wconf 82' lang='lat'>5</span> <span class='ocrx_word' id='word_1_49' title='bbox 238 1813 403 1894; x_wconf 71' lang='lat' dir='ltr'><strong>progressi</strong></span> <span class='ocrx_word' id='word_1_50' title='bbox 422 1811 538 1876; x_wconf 86' lang='lat' dir='ltr'><strong>falsam</strong></span> <span class='ocrx_word' id='word_1_51' title='bbox 557 1811 620 1875; x_wconf 91' lang='lat' dir='ltr'><strong>sibi</strong></span> <span class='ocrx_word' id='word_1_52' title='bbox 637 1811 797 1875; x_wconf 82' lang='lat' dir='ltr'><strong>scientiae</strong></span> <span class='ocrx_word' id='word_1_53' title='bbox 814 1809 1065 1892; x_wconf 77' lang='lat' dir='ltr'><strong>persuasionem</strong></span> <span class='ocrx_word' id='word_1_54' title='bbox 1083 1811 1199 1875; x_wconf 92' lang='lat' dir='ltr'><strong>indue-</strong></span> 
     </span>
     <span class='ocr_line' id='line_1_10' title="bbox 240 1915 1197 2000; baseline 0 -20"><span class='ocrx_word' id='word_1_55' title='bbox 240 1920 327 1981; x_wconf 90' lang='lat' dir='ltr'><strong>runt.</strong></span> <span class='ocrx_word' id='word_1_56' title='bbox 371 1917 456 1982; x_wconf 88' lang='lat' dir='ltr'><strong>Nam</strong></span> <span class='ocrx_word' id='word_1_57' title='bbox 480 1920 514 1981; x_wconf 90' lang='lat' dir='ltr'><strong>et</strong></span> <span class='ocrx_word' id='word_1_58' title='bbox 538 1918 657 1982; x_wconf 86' lang='lat' dir='ltr'><strong>cedere</strong></span> <span class='ocrx_word' id='word_1_59' title='bbox 687 1915 913 2000; x_wconf 88' lang='lat' dir='ltr'><strong>praecipiendi</strong></span> <span class='ocrx_word' id='word_1_60' title='bbox 942 1916 1059 1999; x_wconf 88' lang='lat' dir='ltr'><strong>peritis</strong></span> <span class='ocrx_word' id='word_1_61' title='bbox 1089 1916 1197 1997; x_wconf 79' lang='lat' dir='ltr'><strong>indig-</strong></span> 
     </span>
     <span class='ocr_line' id='line_1_11' title="bbox 240 2022 1197 2104; baseline -0.001 -18"><span class='ocrx_word' id='word_1_62' title='bbox 240 2026 361 2087; x_wconf 89' lang='lat' dir='ltr'><strong>nantur</strong></span> <span class='ocrx_word' id='word_1_63' title='bbox 391 2027 425 2086; x_wconf 88' lang='lat' dir='ltr'><strong>et</strong></span> <span class='ocrx_word' id='word_1_64' title='bbox 448 2024 538 2087; x_wconf 89' lang='lat' dir='ltr'><strong>velut</strong></span> <span class='ocrx_word' id='word_1_65' title='bbox 565 2024 637 2086; x_wconf 92' lang='lat' dir='ltr'><strong>iure</strong></span> <span class='ocrx_word' id='word_1_66' title='bbox 662 2024 805 2104; x_wconf 84' lang='lat' dir='ltr'><strong>quodam</strong></span> <span class='ocrx_word' id='word_1_67' title='bbox 830 2022 1015 2104; x_wconf 86' lang='lat' dir='ltr'><strong>potestatis,</strong></span> <span class='ocrx_word' id='word_1_68' title='bbox 1039 2043 1106 2104; x_wconf 90' lang='lat' dir='ltr'><strong>quo</strong></span> <span class='ocrx_word' id='word_1_69' title='bbox 1130 2022 1197 2086; x_wconf 85' lang='lat' dir='ltr'><strong>sere</strong></span> 
     </span>
     <span class='ocr_line' id='line_1_12' title="bbox 239 2127 1199 2214; baseline -0.001 -22"><span class='ocrx_word' id='word_1_70' title='bbox 239 2130 303 2193; x_wconf 90' lang='lat' dir='ltr'><strong>hoc</strong></span> <span class='ocrx_word' id='word_1_71' title='bbox 338 2129 510 2193; x_wconf 89' lang='lat' dir='ltr'><strong>hominum</strong></span> <span class='ocrx_word' id='word_1_72' title='bbox 541 2148 646 2212; x_wconf 84' lang='lat' dir='ltr'><strong>genus</strong></span> <span class='ocrx_word' id='word_1_73' title='bbox 671 2128 874 2214; x_wconf 83' lang='lat' dir='ltr'><strong>intumescit,</strong></span> <span class='ocrx_word' id='word_1_74' title='bbox 904 2127 1074 2211; x_wconf 89' lang='lat' dir='ltr'><strong>imperiosi</strong></span> <span class='ocrx_word' id='word_1_75' title='bbox 1098 2131 1199 2209; x_wconf 83' lang='lat' dir='ltr'><strong>atque</strong></span> 
     </span>
     <span class='ocr_line' id='line_1_13' title="bbox 239 2232 1199 2317; baseline -0.003 -18"><span class='ocrx_word' id='word_1_76' title='bbox 239 2234 373 2299; x_wconf 86' lang='lat' dir='ltr'><strong>interim</strong></span> <span class='ocrx_word' id='word_1_77' title='bbox 407 2235 594 2300; x_wconf 76' lang='lat' dir='ltr'><strong>saevientes</strong></span> <span class='ocrx_word' id='word_1_78' title='bbox 632 2235 809 2299; x_wconf 89' lang='lat' dir='ltr'><strong>stultitiam</strong></span> <span class='ocrx_word' id='word_1_79' title='bbox 841 2253 935 2297; x_wconf 88' lang='lat' dir='ltr'><strong>suam</strong></span> <span class='ocrx_word' id='word_1_80' title='bbox 970 2232 1199 2317; x_wconf 82' lang='lat' dir='ltr'><strong>per·d0cent.&#39;²)</strong></span> 
     </span>
    </p>

    <p class='ocr_par' dir='ltr' id='par_1_6' title="bbox 157 2339 1199 2845">
     <span class='ocr_line' id='line_1_14' title="bbox 157 2339 1198 2420; baseline -0.002 -16"><span class='ocrx_word' id='word_1_81' title='bbox 157 2343 199 2405; x_wconf 90' lang='lat'><strong>10</strong></span> <span class='ocrx_word' id='word_1_82' title='bbox 241 2340 310 2405; x_wconf 91' lang='lat' dir='ltr'><strong>Nec</strong></span> <span class='ocrx_word' id='word_1_83' title='bbox 334 2340 444 2404; x_wconf 90' lang='lat' dir='ltr'><strong>minus</strong></span> <span class='ocrx_word' id='word_1_84' title='bbox 468 2361 561 2406; x_wconf 90' lang='lat' dir='ltr'><strong>error</strong></span> <span class='ocrx_word' id='word_1_85' title='bbox 586 2361 699 2404; x_wconf 85' lang='lat' dir='ltr'><strong>eornm</strong></span> <span class='ocrx_word' id='word_1_86' title='bbox 725 2343 821 2405; x_wconf 86' lang='lat' dir='ltr'><strong>nocet</strong></span> <span class='ocrx_word' id='word_1_87' title='bbox 844 2340 1009 2418; x_wconf 75' lang='lat' dir='ltr'><strong>moribuS,</strong></span> <span class='ocrx_word' id='word_1_88' title='bbox 1034 2339 1198 2420; x_wconf 89' lang='lat' dir='ltr'><strong>siquidem</strong></span> 
     </span>
     <span class='ocr_line' id='line_1_15' title="bbox 242 2444 1198 2528; baseline -0.002 -18"><span class='ocrx_word' id='word_1_89' title='bbox 242 2446 416 2524; x_wconf 72' lang='lat' dir='ltr'><strong>Leonides</strong></span> <span class='ocrx_word' id='word_1_90' title='bbox 440 2447 621 2511; x_wconf 81' lang='lat' dir='ltr'><strong>Alexandri</strong></span> <span class='ocrx_word' id='word_1_91' title='bbox 646 2447 866 2528; x_wconf 81' lang='lat' dir='ltr'><strong>paedagogus,</strong></span> <span class='ocrx_word' id='word_1_92' title='bbox 895 2445 948 2528; x_wconf 80' lang='lat' dir='ltr'><strong>&lt;ut</strong></span> <span class='ocrx_word' id='word_1_93' title='bbox 972 2466 991 2509; x_wconf 87' lang='lat' dir='ltr'><strong>a</strong></span> <span class='ocrx_word' id='word_1_94' title='bbox 1014 2444 1198 2526; x_wconf 86' lang='lat' dir='ltr'><strong>Babylonio</strong></span> 
     </span>
     <span class='ocr_line' id='line_1_16' title="bbox 239 2549 1199 2638; baseline -0.003 -22"><span class='ocrx_word' id='word_1_95' title='bbox 239 2552 385 2635; x_wconf 83' lang='lat' dir='ltr'><strong>Diogene</strong></span> <span class='ocrx_word' id='word_1_96' title='bbox 412 2553 571 2638; x_wconf 86' lang='lat' dir='ltr'><strong>traditur)</strong></span> <span class='ocrx_word' id='word_1_97' title='bbox 599 2552 800 2635; x_wconf 87' lang='lat' dir='ltr'><strong>quibusdam</strong></span> <span class='ocrx_word' id='word_1_98' title='bbox 841 2571 916 2616; x_wconf 87' lang='lat' dir='ltr'><strong>eum</strong></span> <span class='ocrx_word' id='word_1_99' title='bbox 947 2551 1039 2614; x_wconf 91' lang='lat' dir='ltr'><strong>ritiis</strong></span> <span class='ocrx_word' id='word_1_100' title='bbox 1068 2549 1199 2628; x_wconf 89' lang='lat' dir='ltr'><strong>imbuit,</strong></span> 
     </span>
     <span class='ocr_line' id='line_1_17' title="bbox 238 2656 1199 2740; baseline -0.004 -18"><span class='ocrx_word' id='word_1_101' title='bbox 238 2679 324 2740; x_wconf 85' lang='lat' dir='ltr'><strong>quae</strong></span> <span class='ocrx_word' id='word_1_102' title='bbox 355 2659 529 2723; x_wconf 87' lang='lat' dir='ltr'><strong>robustum</strong></span> <span class='ocrx_word' id='word_1_103' title='bbox 562 2677 696 2740; x_wconf 90' lang='lat' dir='ltr'><strong>quoque</strong></span> <span class='ocrx_word' id='word_1_104' title='bbox 727 2661 760 2720; x_wconf 89' lang='lat' dir='ltr'><strong>et</strong></span> <span class='ocrx_word' id='word_1_105' title='bbox 794 2657 972 2720; x_wconf 87' lang='lat' dir='ltr'><strong>maximum</strong></span> <span class='ocrx_word' id='word_1_106' title='bbox 1014 2676 1122 2736; x_wconf 85' lang='lat' dir='ltr'><strong>regem</strong></span> <span class='ocrx_word' id='word_1_107' title='bbox 1157 2656 1199 2718; x_wconf 87' lang='lat' dir='ltr'><strong>ab</strong></span> 
     </span>
     <span class='ocr_line' id='line_1_18' title="bbox 238 2762 1019 2845; baseline -0.005 -18"><span class='ocrx_word' id='word_1_108' title='bbox 238 2764 294 2828; x_wconf 83' lang='lat' dir='ltr'><strong>illa</strong></span> <span class='ocrx_word' id='word_1_109' title='bbox 317 2764 528 2829; x_wconf 88' lang='lat' dir='ltr'><strong>institutione</strong></span> <span class='ocrx_word' id='word_1_110' title='bbox 551 2764 669 2845; x_wconf 88' lang='lat' dir='ltr'><strong>puerili</strong></span> <span class='ocrx_word' id='word_1_111' title='bbox 695 2766 775 2827; x_wconf 89' lang='lat' dir='ltr'><strong>sunt</strong></span> <span class='ocrx_word' id='word_1_112' title='bbox 799 2762 1019 2845; x_wconf 55' lang='lat' dir='ltr'><strong>persecutas)</strong></span> 
     </span>
    </p>
   </div>
   <div class='ocr_carea' id='block_1_5' title="bbox 526 2940 804 3146">
    <p class='ocr_par' dir='ltr' id='par_1_7' title="bbox 526 2940 804 3146">
     <span class='ocr_line' id='line_1_19' title="bbox 646 2940 684 3003; baseline 0 0"><span class='ocrx_word' id='word_1_113' title='bbox 646 2940 684 3003; x_wconf 90' lang='lat' dir='ltr'><strong>X.</strong></span> 
     </span>
     <span class='ocr_line' id='line_1_20' title="bbox 526 3063 804 3146; baseline -0.011 -14"><span class='ocrx_word' id='word_1_114' title='bbox 526 3063 588 3132; x_wconf 78' lang='lat' dir='ltr'><strong>Ex</strong></span> <span class='ocrx_word' id='word_1_115' title='bbox 612 3063 763 3133; x_wconf 85' lang='lat' dir='ltr'><strong>eodem.</strong></span> <span class='ocrx_word' id='word_1_116' title='bbox 778 3064 804 3146; x_wconf 88' lang='lat'><strong>¹)</strong></span> 
     </span>
    </p>
   </div>
   <div class='ocr_carea' id='block_1_6' title="bbox 176 3203 1200 3818">
    <p class='ocr_par' dir='ltr' id='par_1_8' title="bbox 222 3203 1200 3607">
     <span class='ocr_line' id='line_1_21' title="bbox 329 3203 1199 3289; baseline -0.001 -19"><span class='ocrx_word' id='word_1_117' title='bbox 329 3205 384 3271; x_wconf 83' lang='lat' dir='ltr'><strong>An</strong></span> <span class='ocrx_word' id='word_1_118' title='bbox 416 3205 610 3289; x_wconf 54' lang='lat' dir='ltr'><strong>Philippus</strong></span> <span class='ocrx_word' id='word_1_119' title='bbox 642 3207 859 3270; x_wconf 82' lang='lat' dir='ltr'><strong>Macedonum</strong></span> <span class='ocrx_word' id='word_1_120' title='bbox 895 3224 968 3277; x_wconf 79' lang='lat' dir='ltr'><strong>rex,</strong></span> <span class='ocrx_word' id='word_1_121' title='bbox 998 3203 1199 3283; x_wconf 65' lang='lat' dir='ltr'><strong>Alexandro</strong></span> 
     </span>
     <span class='ocr_line' id='line_1_22' title="bbox 237 3309 1199 3394; baseline -0.002 -19"><span class='ocrx_word' id='word_1_122' title='bbox 237 3311 306 3377; x_wconf 86' lang='lat' dir='ltr'><strong>filio</strong></span> <span class='ocrx_word' id='word_1_123' title='bbox 341 3333 419 3391; x_wconf 83' lang='lat' dir='ltr'><strong>suo,</strong></span> <span class='ocrx_word' id='word_1_124' title='bbox 463 3312 573 3394; x_wconf 87' lang='lat' dir='ltr'><strong>prima</strong></span> <span class='ocrx_word' id='word_1_125' title='bbox 607 3313 794 3377; x_wconf 86' lang='lat' dir='ltr'><strong>litterarum</strong></span> <span class='ocrx_word' id='word_1_126' title='bbox 830 3311 996 3375; x_wconf 85' lang='lat' dir='ltr'><strong>elementa</strong></span> <span class='ocrx_word' id='word_1_127' title='bbox 1031 3309 1118 3373; x_wconf 88' lang='lat' dir='ltr'><strong>tradi</strong></span> <span class='ocrx_word' id='word_1_128' title='bbox 1157 3310 1199 3373; x_wconf 86' lang='lat' dir='ltr'><strong>ab</strong></span> 
     </span>
     <span class='ocr_line' id='line_1_23' title="bbox 222 3415 1200 3498; baseline -0.002 -17"><span class='ocrx_word' id='word_1_129' title='bbox 222 3417 427 3495; x_wconf 67' lang='lat' dir='ltr'><strong>&#39;Aristotele</strong></span> <span class='ocrx_word' id='word_1_130' title='bbox 451 3438 581 3484; x_wconf 91' lang='lat' dir='ltr'><strong>summo</strong></span> <span class='ocrx_word' id='word_1_131' title='bbox 606 3419 678 3482; x_wconf 89' lang='lat' dir='ltr'><strong>eins</strong></span> <span class='ocrx_word' id='word_1_132' title='bbox 702 3418 822 3482; x_wconf 87' lang='lat' dir='ltr'><strong>aetatis</strong></span> <span class='ocrx_word' id='word_1_133' title='bbox 845 3415 1056 3498; x_wconf 86' lang='lat' dir='ltr'><strong>philosopho¹</strong></span> <span class='ocrx_word' id='word_1_134' title='bbox 1076 3415 1200 3479; x_wconf 89' lang='lat' dir='ltr'><strong>roluis·</strong></span> 
     </span>
     <span class='ocr_line' id='line_1_24' title="bbox 239 3520 1200 3607; baseline -0.003 -20"><span class='ocrx_word' id='word_1_135' title='bbox 239 3529 291 3588; x_wconf 92' lang='lat' dir='ltr'><strong>set</strong></span> <span class='ocrx_word' id='word_1_136' title='bbox 321 3528 379 3590; x_wconf 85' lang='lat' dir='ltr'><strong>aut</strong></span> <span class='ocrx_word' id='word_1_137' title='bbox 402 3524 458 3588; x_wconf 93' lang='lat' dir='ltr'><strong>ille</strong></span> <span class='ocrx_word' id='word_1_138' title='bbox 482 3525 686 3607; x_wconf 86' lang='lat' dir='ltr'><strong>suscepisset</strong></span> <span class='ocrx_word' id='word_1_139' title='bbox 709 3525 772 3589; x_wconf 91' lang='lat' dir='ltr'><strong>hoc</strong></span> <span class='ocrx_word' id='word_1_140' title='bbox 796 3521 953 3599; x_wconf 82' lang='lat' dir='ltr'><strong>officium,</strong></span> <span class='ocrx_word' id='word_1_141' title='bbox 983 3520 1010 3585; x_wconf 89' lang='lat' dir='ltr'><strong>si</strong></span> <span class='ocrx_word' id='word_1_142' title='bbox 1039 3541 1105 3586; x_wconf 86' lang='lat' dir='ltr'><strong>non</strong></span> <span class='ocrx_word' id='word_1_143' title='bbox 1129 3524 1200 3584; x_wconf 90' lang='lat' dir='ltr'><strong>stu-</strong></span> 
     </span>
    </p>

    <p class='ocr_par' dir='ltr' id='par_1_9' title="bbox 176 3627 1200 3818">
     <span class='ocr_line' id='line_1_25' title="bbox 176 3627 1200 3714; baseline -0.004 -20"><span class='ocrx_word' id='word_1_144' title='bbox 176 3630 197 3694; x_wconf 86' lang='lat'>5</span> <span class='ocrx_word' id='word_1_145' title='bbox 240 3630 369 3696; x_wconf 92' lang='lat' dir='ltr'><strong>diorum</strong></span> <span class='ocrx_word' id='word_1_146' title='bbox 401 3629 499 3696; x_wconf 89' lang='lat' dir='ltr'><strong>initia</strong></span> <span class='ocrx_word' id='word_1_147' title='bbox 526 3634 559 3695; x_wconf 88' lang='lat' dir='ltr'><strong>et</strong></span> <span class='ocrx_word' id='word_1_148' title='bbox 592 3652 611 3695; x_wconf 84' lang='lat' dir='ltr'>a</span> <span class='ocrx_word' id='word_1_149' title='bbox 638 3629 880 3714; x_wconf 86' lang='lat' dir='ltr'><strong>perfectissimo</strong></span> <span class='ocrx_word' id='word_1_150' title='bbox 913 3647 1048 3710; x_wconf 88' lang='lat' dir='ltr'><strong>quoque</strong></span> <span class='ocrx_word' id='word_1_151' title='bbox 1075 3627 1200 3708; x_wconf 87' lang='lat' dir='ltr'><strong>optime</strong></span> 
     </span>
     <span class='ocr_line' id='line_1_26' title="bbox 238 3733 1124 3818; baseline -0.003 -18"><span class='ocrx_word' id='word_1_152' title='bbox 238 3736 375 3801; x_wconf 89' lang='lat' dir='ltr'><strong>tractari</strong></span> <span class='ocrx_word' id='word_1_153' title='bbox 400 3739 433 3801; x_wconf 83' lang='lat' dir='ltr'><strong>et</strong></span> <span class='ocrx_word' id='word_1_154' title='bbox 453 3735 624 3818; x_wconf 81' lang='lat' dir='ltr'><strong>pertinere</strong></span> <span class='ocrx_word' id='word_1_155' title='bbox 648 3737 690 3801; x_wconf 85' lang='lat' dir='ltr'><strong>ad</strong></span> <span class='ocrx_word' id='word_1_156' title='bbox 714 3756 880 3801; x_wconf 90' lang='lat' dir='ltr'><strong>summam</strong></span> <span class='ocrx_word' id='word_1_157' title='bbox 903 3733 1124 3797; x_wconf 83' lang='lat' dir='ltr'><strong>credidisset?</strong></span> 
     </span>
    </p>
   </div>
   <div class='ocr_carea' id='block_1_7' title="bbox 529 3931 804 4139">
    <p class='ocr_par' dir='ltr' id='par_1_10' title="bbox 529 3931 804 4139">
     <span class='ocr_line' id='line_1_27' title="bbox 636 3931 691 3996; baseline 0 -1"><span class='ocrx_word' id='word_1_158' title='bbox 636 3931 691 3996; x_wconf 84' lang='lat' dir='ltr'><strong>XI.</strong></span> 
     </span>
     <span class='ocr_line' id='line_1_28' title="bbox 529 4054 804 4139; baseline -0.004 -16"><span class='ocrx_word' id='word_1_159' title='bbox 529 4054 591 4123; x_wconf 84' lang='lat' dir='ltr'><strong>Ex</strong></span> <span class='ocrx_word' id='word_1_160' title='bbox 614 4054 766 4123; x_wconf 87' lang='lat' dir='ltr'><strong>eodem.</strong></span> <span class='ocrx_word' id='word_1_161' title='bbox 778 4056 804 4139; x_wconf 87' lang='lat'><strong>¹)</strong></span> 
     </span>
    </p>
   </div>
   <div class='ocr_carea' id='block_1_8' title="bbox 239 4197 1198 4388">
    <p class='ocr_par' dir='ltr' id='par_1_11' title="bbox 239 4197 1198 4388">
     <span class='ocr_line' id='line_1_29' title="bbox 327 4197 1198 4277; baseline -0.005 -15"><span class='ocrx_word' id='word_1_162' title='bbox 327 4197 369 4262; x_wconf 86' lang='lat' dir='ltr'><strong>Ei</strong></span> <span class='ocrx_word' id='word_1_163' title='bbox 404 4201 524 4262; x_wconf 88' lang='lat' dir='ltr'><strong>natura</strong></span> <span class='ocrx_word' id='word_1_164' title='bbox 559 4198 763 4263; x_wconf 83' lang='lat' dir='ltr'><strong>tenacissimi</strong></span> <span class='ocrx_word' id='word_1_165' title='bbox 798 4213 915 4260; x_wconf 87' lang='lat' dir='ltr'><strong>sumus</strong></span> <span class='ocrx_word' id='word_1_166' title='bbox 950 4215 1083 4271; x_wconf 84' lang='lat' dir='ltr'><strong>eorum,</strong></span> <span class='ocrx_word' id='word_1_167' title='bbox 1111 4214 1198 4277; x_wconf 87' lang='lat' dir='ltr'><strong>quae</strong></span> 
     </span>
     <span class='ocr_line' id='line_1_30' title="bbox 239 4303 1198 4388; baseline -0.003 -21"><span class='ocrx_word' id='word_1_168' title='bbox 239 4303 379 4368; x_wconf 91' lang='lat' dir='ltr'><strong>rudibus</strong></span> <span class='ocrx_word' id='word_1_169' title='bbox 414 4305 510 4368; x_wconf 87' lang='lat' dir='ltr'><strong>anuis</strong></span> <span class='ocrx_word' id='word_1_170' title='bbox 546 4303 766 4388; x_wconf 88' lang='lat' dir='ltr'><strong>percipimus,</strong></span> <span class='ocrx_word' id='word_1_171' title='bbox 800 4306 837 4367; x_wconf 92' lang='lat' dir='ltr'><strong>ut</strong></span> <span class='ocrx_word' id='word_1_172' title='bbox 873 4321 987 4384; x_wconf 79' lang='lat' dir='ltr'><strong>sapor,</strong></span> <span class='ocrx_word' id='word_1_173' title='bbox 1017 4320 1084 4383; x_wconf 92' lang='lat' dir='ltr'><strong>quo</strong></span> <span class='ocrx_word' id='word_1_174' title='bbox 1114 4319 1198 4364; x_wconf 88' lang='lat' dir='ltr'><strong>nora</strong></span> 
     </span>
    </p>
   </div>
   <div class='ocr_carea' id='block_1_9' title="bbox 0 0 1320 4718">
    <p class='ocr_par' dir='ltr' id='par_1_12' title="bbox 0 0 1320 4718">
     <span class='ocr_line' id='line_1_31' title="bbox 0 0 1320 4718; baseline 0 0"><span class='ocrx_word' id='word_1_175' title='bbox 0 0 1320 4718; x_wconf 95' lang='lat' dir='ltr'><strong> </strong></span> 
     </span>
    </p>
   </div>
  </div>
 </body>
</html>
