2632 4718
69 4276 146 4424 ’ἱ

578 710 800 785 ..14-

285 898 386 963 Plebs
411 898 621 978 lamentatur,
648 898 773 963 clamor
797 898 923 980 ubique
948 898 1077 982 strepit.

234 1005 327 1082 Quae
350 1004 465 1086 proavi
491 1003 607 1086 longis,
632 1024 718 1086 quae
742 1024 940 1085 congessere
964 1009 1123 1086 parentes

284 1109 391 1188 Curis,
415 1110 450 1175 in
475 1110 605 1176 cineres
629 1111 761 1176 subruit
783 1113 865 1177 hora
888 1112 1007 1176 breuis.

174 1219 213 1282 15
238 1217 319 1281 Aret
342 1237 431 1300 ager,
455 1217 539 1281 vitio
562 1217 710 1282 moriens
734 1217 802 1281 sitit
825 1217 911 1282 atris
934 1219 1047 1299 herba,

284 1322 437 1388 Defectas
461 1328 592 1403 segetes
616 1323 711 1406 nigra
736 1324 853 1406 rubigo
877 1328 1011 1388 comest.

233 1431 362 1496 Tabida
386 1430 583 1513 pestiferum
607 1430 672 1494 iam
697 1431 864 1495 contrahit
885 1451 968 1495 aura
990 1451 1167 1507 venenum,

282 1536 378 1601 Alter
402 1539 434 1600 et
458 1536 596 1600 alterius
621 1537 711 1601 virus
736 1537 778 1601 ab
803 1557 860 1599 ore
885 1536 977 1601 bibit.

222 1643 400 1708 Plutonem
424 1643 532 1707 ditant
555 1643 699 1724 abrupto
724 1644 867 1707 stamine
894 1643 1027 1717 Parcae,

170 1751 212 1814 20
281 1748 415 1832 Oppida
439 1749 565 1813 desolat
590 1749 719 1813 civibus
743 1753 816 1813 atra
840 1750 923 1814 lues.

232 1855 316 1919 Cum
339 1855 490 1937 patribus
514 1857 644 1932 matres,
668 1856 811 1920 moritur
841 1876 917 1920 cum
945 1874 1093 1938 paupere
1118 1857 1220 1931 dives

283 1962 353 2026 Nec
376 1961 491 2044 pueris
514 1963 621 2042 parcit
645 1982 706 2026 nec
730 1962 877 2025 Libitina
900 1962 989 2025 viris.

233 2068 308 2133 Non
332 2069 467 2132 obstant
482 2068 613 2132 subitae
626 2068 852 2132 Mithridaticae
862 2067 889 2152 2)
905 2070 1085 2150 pharmaca
1109 2072 1217 2134 morti.

285 2175 360 2239 Non
384 2175 448 2239 lert
473 2174 696 2256 Hippocrates
706 2175 744 2257 ³),
771 2195 836 2240 non
861 2173 1086 2257 Epidaurusl)
1110 2194 1219 2256 opem.

171 2284 213 2346 25
236 2281 297 2346 Vix
322 2281 473 2345 homines
498 2285 669 2364 superant,
694 2281 751 2362 qui
775 2281 882 2345 tristia
906 2283 1024 2346 funera
1048 2285 1175 2355 atinent,

284 2388 368 2452 Tam
392 2390 504 2451 nostro
529 2387 640 2469 generi
664 2390 770 2450 taetra
795 2387 952 2468 mephitis
977 2389 1081 2450 obest.

233 2494 322 2572 Quid
346 2513 446 2571 mare,
471 2494 560 2575 quod
583 2493 682 2558 variis
708 2495 862 2558 mortales
887 2493 1003 2557 usibus
1029 2497 1143 2574 aptum

285 2601 453 2664 Mutaudis
477 2600 602 2680 passim
627 2599 793 2663 mercibus
818 2619 890 2663 esso
914 2602 1043 2680 putant,

234 2708 282 2771 Ex
306 2727 372 2788 quo
396 2705 598 2787 proveniunt
621 2705 810 2788 gratissima
834 2725 983 2781 munera,
1008 2708 1128 2786 pisces,

172 2817 214 2879 30
282 2813 379 2877 Unde
404 2814 502 2877 datur
525 2832 639 2876 murex
663 2832 918 2894 purpureusque
944 2813 1053 2875 color?

233 2920 413 3002 Tantisper
436 2919 605 3002 placidum
623 2922 684 2998 cst,
709 2920 789 2983 dum
807 2922 921 3001 pastor
937 2920 1087 2982 venditet
1105 2938 1217 2998 agnos,

285 3027 476 3092 Palmarum
500 3028 537 3089 ut
561 3026 656 3089 cedat
680 3025 810 3090 sarcina
833 3025 919 3089 iacta
942 3025 1049 3101 sibi.⁵)

239 3134 380 3197 Aestuat
404 3130 578 3196 undisonis
601 3131 766 3195 tumidum
791 3132 988 3213 plerumque
1013 3131 1169 3211 procellis

285 3240 328 3303 Et
349 3239 451 3302 iactat
475 3237 608 3318 fragiles
632 3237 899 3319 praecipitatque
924 3242 1023 3301 rates.

172 3348 213 3410 35
238 3346 302 3422 Qui
328 3346 425 3409 modo
449 3343 630 3426 tranquillo
655 3344 813 3408 ludebant
838 3364 982 3425 aequore
1007 3347 1139 3420 nautae,

284 3452 440 3516 Balaenis
464 3451 575 3515 miseri
599 3451 723 3533 praeda
747 3452 908 3532 cibusque
933 3453 1060 3515 natant.

236 3560 296 3623 Vix
321 3559 408 3622 inter
432 3577 534 3622 naves
559 3557 734 3621 millesima
758 3576 909 3638 (quaeque
934 3557 1087 3631 senescit,

287 3664 446 3729 Obruitur
471 3683 569 3728 saevo
594 3663 776 3745 quamlibet
801 3664 868 3726 alta
893 3664 987 3727 freto.

236 3770 413 3853 impositas
438 3790 564 3834 merces
589 3790 785 3851 summoque.
810 3771 923 3833 labore
948 3773 1082 3852 paratas

172 3880 216 3940 40
283 3877 365 3941 Cum
391 3877 534 3941 dominis
559 3876 670 3942 subito
696 3878 831 3940 devorat
855 3878 945 3939 unda
970 3897 1081 3958 rapax.

237 3984 487 4064 Nonnunquam
511 3987 619 4047 metae
644 3985 835 4064 contempto
859 3983 925 4046 fine
950 3983 1077 4064 vagaris

287 4090 383 4154 Sorte
408 4109 470 4152 nec
494 4110 529 4152 es
554 4090 671 4161 laetus,
696 4088 947 4169 Erinosigaee⁶)‚
978 4092 1040 4152 tua.

239 4194 416 4274 Progenies
439 4195 532 4271 vidit,
557 4193 741 4274 Lamacho,
767 4196 802 4258 in
826 4194 966 4277 rupibus
990 4195 1064 4257 altis

288 4301 456 4365 Montibus
481 4303 515 4363 et
538 4301 678 4364 summis
702 4303 788 4365 stare
812 4301 921 4365 cubile
944 4302 1048 4364 tuum.
