2632 4718
598 724 816 788 ..7-3-

241 903 475 968 Concertando
499 902 634 985 quidem
659 900 730 965 veri
755 901 900 965 scintilla
923 899 1115 982 frequenter

174 1012 217 1075 30
284 1011 413 1075 Emicat
436 1008 472 1074 in
495 1009 653 1084 medium,
677 1029 764 1091 quae
787 1007 860 1072 sine
883 1007 942 1071 lite
966 1007 1057 1072 latet.

241 1116 286 1180 At
309 1136 362 1181 me
386 1135 484 1181 nemo
508 1118 603 1197 putet
627 1133 731 1180 vanos
756 1114 893 1179 laudare
918 1113 1095 1196 sophistas,

286 1221 452 1288 Gloriolae
477 1223 610 1287 tantum
634 1241 720 1305 quos
745 1220 825 1286 levis
849 1240 931 1286 aura
954 1219 1056 1284 iuvat.

241 1328 318 1394 Non
342 1331 394 1393 est
418 1348 472 1393 res
496 1328 624 1404 eadem,
649 1327 848 1411 popularem
871 1345 1034 1408 quaerere
1057 1326 1213 1408 plausum

285 1434 328 1499 Et
351 1454 444 1499 sacra
467 1433 644 1516 frugiferae
669 1433 823 1498 Pallados
847 1451 938 1497 arma
961 1431 1066 1514 sequi,

174 1542 216 1605 35
241 1541 350 1618 Quam
374 1559 441 1605 non
464 1541 627 1605 armatam
650 1537 801 1604 finxisset
823 1540 921 1604 docta
944 1537 1062 1621 poesis.

290 1645 333 1710 Ni
358 1645 597 1711 certaminibus
621 1665 903 1729 consequeremur
927 1664 1010 1709 earn.

244 1753 374 1818 lncluta
397 1752 501 1818 divini
523 1753 645 1837 probat
667 1754 750 1818 haec
773 1753 925 1818 doctrina
948 1750 1106 1828 Platonis,

286 1859 351 1937 Qui
374 1862 513 1943 propter
536 1879 654 1924 verum
678 1859 827 1942 disputat
849 1879 907 1924 ore
931 1857 998 1941 pio.

241 1965 372 2031 Laudat
395 1965 601 2044 Aristoteles,
625 1966 753 2032 extollit
776 1964 906 2031 Stoicus
930 1964 1049 2045 omnis,

175 2074 219 2136 40
286 2071 418 2137 Tullius
442 2072 574 2155 egregio
597 2072 792 2155 comprobat
815 2070 955 2153 eloquio.

246 2178 344 2243 Picus
354 2176 382 2264 2)
406 2180 547 2244 loannes
571 2179 685 2244 nones
709 2178 919 2260 problemata
942 2178 1077 2241 centurn

288 2286 466 2368 Proposuit
489 2286 626 2363 Romae,
651 2285 784 2368 publica
807 2285 873 2349 tela
896 2288 1027 2365 patens.

249 2391 468 2476 Contemptor
491 2392 613 2475 logices
637 2393 762 2476 saeptis
786 2390 989 2476 Epicurusi)
1013 2389 1047 2453 in
1072 2389 1176 2452 lrortis

287 2498 435 2576 Deliluit,
460 2499 583 2564 chartis
607 2501 735 2564 somnia
758 2519 843 2564 rana
868 2502 996 2561 notans.

176 2608 217 2669 45
242 2606 418 2671 Exacuunt
442 2606 614 2670 hominum
638 2607 731 2671 vivae
754 2606 950 2688 praecordia
973 2624 1081 2683 voces,

286 2711 447 2777 Afficiunt
471 2711 573 2776 animi
596 2713 627 2776 ri
651 2714 778 2795 potiore
803 2713 928 2776 modos.

243 2818 399 2882 Facundo
423 2818 561 2883 alterius
586 2839 694 2883 sermo
718 2818 908 2883 transfusus
932 2818 973 2882 ab
997 2838 1055 2880 ore

288 2923 430 2988 Firmius
453 2925 488 2989 in
512 2925 651 2989 memori
675 2924 807 2989 verticis
831 2943 906 2988 arce
931 2926 1051 2987 manet.

243 3032 308 3109 Qui
333 3050 393 3095 nos
417 3032 541 3114 eripuit
565 3034 672 3115 vulgo
697 3033 738 3096 sit
762 3033 866 3115 glorIa
890 3051 1023 3114 semper

177 3142 219 3199 50
289 3138 457 3203 Aetlrereo
482 3140 551 3221 regi
576 3138 841 3222 coelicolumquc
864 3138 962 3220 patri.

652 3476 770 3541 XVIII.

227 3615 290 3685 Ad
313 3616 577 3686 clarissimum
599 3616 879 3705 philosophiae
903 3621 944 3687 et
968 3616 1191 3686 medicinae

287 3723 556 3811 professorem
578 3724 771 3794 Ioannem
794 3723 1093 3812 Wesselingum.
1107 3726 1129 3799 1)

203 3888 216 3947 1
244 3885 293 3949 Te
317 3886 446 3949 salvere
471 3885 598 3963 iubent,
622 3885 808 3949 medicinae
832 3885 918 3949 clare
943 3885 1122 3968 professor,

288 3991 440 4056 Pierides
463 3994 596 4057 nostrae
621 3991 861 4075 Pieridumque
885 3993 979 4056 deus.

244 4097 337 4161 Artis
360 4097 452 4162 enim
474 4098 624 4162 medicae
648 4099 711 4164 fuit
734 4098 824 4163 idem
848 4101 881 4163 et
906 4097 1061 4163 carminis
1086 4100 1211 4175 auctor,

288 4205 352 4282 Qui
377 4203 467 4269 canit
491 4207 608 4269 aurata
631 4205 770 4287 pulcher
794 4205 915 4288 Apollo
939 4206 1019 4282 lyra.

257 4315 275 4376 5
300 4310 330 4373 A
354 4314 448 4392 patre
471 4311 649 4396 perdidicit
673 4333 813 4395 serpens
837 4311 1072 4398 EpidauriusI)
1095 4312 1195 4389 illam,
