2632 4718
552 747 773 814 ..59-

128 927 197 991 200
243 925 437 1008 cumprimis
462 925 643 1008 frequenti,
668 925 720 990 cui
745 926 877 991 Svollae
900 927 1044 1008 praeest,
1067 947 1199 992 omnem

242 1032 430 1096 barbariem
454 1032 614 1110 eliminet,
632 1033 722 1114 quod
745 1052 784 1095 eo
801 1033 905 1114 magis
928 1032 1037 1098 facere
1054 1033 1199 1115 debebit,
1270 1057 1274 1062 ·

243 1157 310 1220 quo
327 1137 419 1202 adid
436 1139 675 1221 praestandum
692 1137 793 1203 variis
810 1142 862 1204 est
878 1138 978 1204 armis
995 1139 1198 1207 instructior.

611 1315 726 1380 LXIII.

125 1419 315 1490 Enarrmi
346 1419 499 1508 aliquot
528 1438 667 1489 versus
690 1419 851 1508 Vergilii
879 1426 1039 1509 praeter
1068 1422 1199 1512 vulga

302 1529 386 1594 tam
409 1525 757 1613 grammaticorum
781 1527 1032 1598 sententiam.

333 1669 404 1733 Hos
428 1689 544 1734 versus
568 1670 734 1750 Maronia,
759 1669 817 1753 qui
842 1674 922 1735 sunt
951 1671 985 1735 in
1008 1672 1051 1736 VI
1076 1672 1199 1738 Aenei-

244 1775 304 1839 dos
328 1775 549 1854 volumine1):

244 1883 322 1960 „Ille
347 1884 476 1946 autem:
498 1881 616 1965 Neque
641 1885 675 1947 te
701 1883 828 1948 Phoebi
853 1885 984 1948 cortina
1007 1885 1135 1965 fefellit

265 1989 337 2052 Dux
354 1988 567 2068 Anchisiade,
592 2008 653 2052 uec
670 2008 722 2052 me
739 1989 821 2053 deus
849 2009 995 2072 aequore
1018 1992 1152 2055 mersit“

176 2098 195 2160 5
242 2095 394 2176 plerique
419 2095 465 2158 sic
495 2099 663 2173 enarrant,
697 2096 735 2159 ut
758 2097 801 2159 sit
825 2097 925 2161 ordo:
967 2096 1014 2175 ,0
1038 2098 1105 2162 dux
1129 2097 1199 2161 An-

239 2200 396 2279 chisiade,
427 2200 558 2265 cortina
582 2201 707 2266 Phoebi
733 2221 842 2283 neque
864 2201 980 2267 fefellit
1003 2205 1037 2266 te
1062 2222 1123 2268 nec
1146 2223 1199 2268 me

241 2308 334 2387 douo,
358 2308 379 2371 i.
404 2327 552 2386 sommia,
576 2309 691 2372 mersit
714 2328 872 2390 aequore,
897 2312 935 2373 ut
958 2308 1120 2392 scriptum
1143 2312 1196 2374 est

242 2415 277 2479 iu
294 2417 320 2478 V
337 2414 422 2479 libro
447 2415 510 2479 sub
534 2413 665 2478 finem.“
707 2416 774 2479 Sed
798 2415 880 2479 haec
904 2417 1068 2498 expositio
1091 2416 1196 2498 magis

243 2525 295 2585 est
319 2527 447 2603 arguta,
480 2540 579 2602 quam
616 2540 704 2585 vera.
763 2521 874 2598 Quare
909 2522 957 2585 sic
993 2523 1198 2588 enarrandos

109 2664 130 2679 -·
159 2630 198 2692 10
245 2646 365 2690 censeo
381 2647 516 2692 versus:
543 2627 591 2706 „0
609 2628 676 2691 dux
692 2627 902 2707 Anchisiade,
927 2628 1055 2693 cortina
1072 2629 1199 2694 Phoebi

244 2753 351 2815 neque
375 2734 549 2799 refellite
574 2753 634 2798 nec
659 2733 752 2812 deus,
775 2734 838 2799 hoc
862 2737 913 2798 est
936 2736 1025 2800 ullus
1049 2737 1197 2815 deorum,

239 2841 354 2904 mersit
378 2862 430 2904 me
454 2845 628 2923 aequore.“
672 2841 761 2905 Ante
791 2841 881 2905 enim
910 2843 994 2929 dixit
1017 2841 1198 2927 Aeneastn

455 2997 470 3026 „
487 2995 494 3009 .
513 2995 545 3012 ..
571 2947 655 3024 Quis
679 2950 723 3027 te,
749 2947 916 3024 Palinuro,
941 2949 1079 3013 deorum

289 3053 421 3135 Eripuit
445 3053 564 3118 nobis?
590 3061 669 3118 ...“

158 3161 197 3224 15
244 3179 319 3223 cum
343 3160 465 3242 Apollo
490 3161 704 3242 praedixerit,
730 3165 762 3225 te
779 3160 848 3226 iore
872 3162 1071 3226 incolumem
1096 3165 1199 3244 ponto

244 3270 278 3328 et
312 3271 552 3348 perventurum
593 3269 637 3332 ad
675 3267 759 3331 lines
794 3267 972 3333 Ausonios.
1023 3268 1076 3332 Ad
1111 3270 1200 3350 quod

251 3375 431 3456 respondet
467 3374 663 3438 Palinurus:
711 3374 739 3438 O
769 3374 899 3444 Aenea.
939 3394 1000 3438 nec
1035 3373 1200 3456 Apollinis

251 3481 419 3545 oraculum
454 3483 486 3545 te
518 3481 651 3558 fefellit,
687 3501 748 3545 noc
783 3481 872 3545 ullus
907 3481 1045 3546 diorum
1079 3479 1202 3564 eripuit

237 3586 318 3650 milri
341 3587 442 3650 vitam
467 3587 646 3669 mergendo
671 3608 724 3652 me
748 3587 811 3651 sub
836 3607 993 3669 aequore,
1017 3607 1094 3652 nam
1117 3606 1194 3650 cum

149 3695 192 3756 ‘20
237 3695 313 3756 uari
349 3697 538 3773 excuterer,
574 3694 834 3775 gubernaculum
871 3714 1000 3758 mecum
1036 3693 1121 3757 traxi
1156 3693 1192 3757 in

237 3820 328 3864 mare
352 3800 468 3882 illique
492 3800 639 3865 innitens
656 3800 793 3882 perveni
810 3800 985 3865 incolumis
1008 3801 1050 3863 ad
1067 3801 1189 3864 terram

238 3925 356 3987 usque,
381 3927 497 3970 rerum
523 3907 666 3971 crudelis
690 3908 901 3971 Lucanorum
925 3926 1005 3989 gens
1030 3909 1116 3971 ferro
1140 3927 1193 3972 me

236 4011 357 4077 invasit
381 4015 414 4077 et
438 4013 473 4077 in
497 4016 569 4077 tuto
596 4015 668 4079 loco
692 4034 827 4079 manere
853 4034 919 4077 nou
943 4014 1118 4083 concessit.

238 4119 401 4184 Mirantur
424 4121 576 4184 nonnulli
601 4120 780 4204 Vergilium
806 4118 981 4200 dixisse³):

148 4227 189 4290 25
508 4228 629 4306 „Sedet
653 4231 893 4310 aeternumque.
906 4219 1048 4292 'sedebit

288 4332 402 4397 Infelix
428 4334 608 4416 TlreseuS,“
