2632 4718
535 776 780 841 ...104-

238 954 371 1018 locutus
395 954 496 1031 esset,
519 952 656 1017 tandem
680 952 764 1033 potu
787 951 910 1029 victus,
939 953 977 1015 ut
1001 971 1040 1017 se
1064 972 1192 1036 quoque

149 1060 191 1124 35
237 1058 317 1122 olim
340 1056 374 1121 in
399 1058 477 1123 ludo
512 1056 614 1121 tuisse
637 1056 841 1135 ostenderet,
865 1055 963 1120 nobis
982 1058 1192 1123 audientibus

239 1164 376 1243 „Quis“,
392 1163 513 1245 inquit,
540 1164 610 1240 „est
632 1181 669 1225 se
690 1161 844 1244 ipsumi“
870 1180 932 1243 pro
950 1180 1001 1240 eo,
1027 1164 1120 1245 quod
1135 1166 1193 1228 est:

240 1270 342 1347 „Quis
374 1272 425 1333 est
447 1267 501 1333 sui
531 1266 680 1350 ipsiusi“
706 1285 766 1331 seu
798 1266 900 1346 „Quis
923 1269 977 1331 est
992 1267 1047 1332 sui
1069 1268 1191 1333 iuris?“

240 1374 307 1437 Sed
330 1374 402 1439 dies
424 1376 503 1438 ante
526 1373 699 1453 deiecerit,
723 1392 824 1455 quarn
848 1373 900 1437 vel
923 1372 1099 1439 minimam
1122 1393 1192 1457 par-

241 1482 309 1543 tem
349 1478 621 1544 soloecismorum
659 1477 1030 1561 barbarismorumque,
1077 1480 1193 1563 quibus

151 1588 195 1651 40
241 1585 393 1666 vulgares
424 1584 625 1650 sacerdotuli
656 1588 797 1663 scatent,
828 1603 1040 1650 recensuero.
1087 1586 1193 1664 Quare

239 1690 282 1754 ad
305 1688 507 1755 Beroaldum
530 1688 752 1754 revertamur!

583 1814 737 1912 orrxvn.

126 1968 334 2057 Philippus
361 1968 584 2040 Beroaldus
618 1968 662 2037 in
687 1968 743 2119 131
770 1968 1058 2041 commentario
1089 1970 1195 2041 aurci

588 2073 734 2156 asini.)

334 2217 503 2296 „Videris“
541 2215 826 2299 pronuntiandum
861 2218 912 2279 est
946 2214 1056 2298 prima
1090 2220 1194 2295 acuta,

241 2324 351 2387 media
383 2326 536 2404 correpta
571 2343 591 2387 a
630 2322 778 2401 „rider0‚
813 2321 955 2385 rideris“
995 2323 1195 2388 subiunctiri

239 2429 345 2507 modi,
378 2430 473 2511 quasi
505 2428 610 2493 dicat:
648 2431 703 2507 „tu
731 2427 890 2492 ridebis“.
938 2428 993 2492 Sic
1017 2428 1194 2493 Terentius

241 2534 325 2598 dixit
350 2533 551 2612 „invencrit“
570 2552 630 2615 pro
651 2534 848 2612 „inveniet“‚
873 2532 1084 2598 coniunctivo
1100 2536 1194 2598 modo

174 2642 193 2704 5
241 2658 320 2703 usus
344 2660 405 2721 pro
429 2638 619 2707 indicativo
651 2642 684 2702 et
707 2641 789 2702 baec
812 2639 865 2719 (ut
888 2637 998 2719 iuquit
1023 2640 1193 2723 Donatus)

241 2746 381 2809 honesta
405 2745 528 2809 locutio
553 2748 613 2808 ost.
658 2746 739 2809 Tale
763 2746 813 2807 est
836 2743 916 2807 illud
941 2743 975 2806 iu
1000 2745 1193 2827 Evangelio:

243 2851 351 2929 „Quid
369 2852 411 2915 ad
430 2871 500 2929 nos
518 2850 590 2933 ipse
609 2848 800 2930 videris!“‘2)
837 2850 933 2927 Quod
955 2851 1041 2914 male
1059 2850 1194 2915 litterati

238 2958 427 3020 sacerdotes
451 2975 628 3039 perperam
660 2956 896 3039 pronuntiant,
927 2955 1038 3019 media
1067 2957 1195 3021 scilicet

238 3064 410 3144 producta,
434 3082 535 3126 sensu
558 3063 676 3127 frivolo
700 3067 732 3126 et
750 3062 873 3144 inepto.
910 3062 1055 3126 Proinde
1079 3082 1194 3126 carere

238 3169 397 3233 deberent
421 3169 588 3233 antistites
606 3168 775 3250 religionis
799 3172 831 3232 et
848 3169 1021 3248 epistatae,
1046 3188 1090 3231 ne
1115 3168 1195 3232 illit-

236 3275 362 3338 teratos
387 3273 605 3356 indoctusque
630 3274 798 3340 initiarent
823 3272 966 3355 mysticis
991 3273 1194 3338 cerimoniis

238 3379 372 3444 Etenim
407 3381 460 3462 <ut
494 3400 572 3444 rere
605 3380 716 3461 inquit
752 3378 1024 3461 Hieronymus³l)
1060 3398 1196 3444 caecum

237 3485 360 3548 animal
391 3485 489 3550 offert
521 3487 598 3564 deo,
632 3486 690 3568 qui
721 3485 853 3549 ordinat
881 3484 1063 3549 indoctum.
1117 3486 1197 3550 Erat

239 3590 331 3653 locus
370 3591 547 3656 invehendi
588 3591 843 3672 insectandique
882 3592 1074 3654 sacerdotes
1108 3591 1196 3655 male

239 3697 396 3771 moratos,
421 3698 506 3761 male
523 3697 697 3775 litteratos,
722 3697 778 3778 qui
795 3696 848 3760 rix
871 3697 1076 3779 primoribus
1094 3697 1196 3761 labris

238 3801 456 3879 gustaverunt
495 3804 624 3868 litteras
667 3801 915 3879 elementarias,
954 3822 1098 3884 quorum
1138 3823 1196 3868 ora

237 3907 366 3968 scatent
382 3904 539 3972 foeditate
556 3911 825 3975 soloecismorum
843 3928 881 3971 ac
899 3909 1195 3983 barbarismorum,

237 4010 295 4092 qui
320 4010 353 4073 in
377 4013 542 4093 mysteriis
566 4015 729 4097 religiosis
753 4014 962 4079 celebrandis
990 4016 1118 4078 tantam
1144 4034 1196 4078 re·

236 4116 350 4181 dolent
366 4117 564 4199 barbariam,
590 4124 659 4185 tam
682 4122 820 4185 confuse
838 4123 1063 4202 corrupteque
1080 4122 1196 4184 sancta

146 4225 190 4289 20
237 4225 336 4288 rerba
359 4225 595 4307 pronuntiant,
626 4230 664 4291 ut
693 4228 806 4291 multis
830 4227 950 4305 risum,
980 4245 1047 4289 non
1077 4225 1195 4308 paucis

235 4330 337 4395 bilem
372 4333 649 4416 stomachumque
688 4336 930 4398 commoveant.
983 4334 1105 4397 Verum
1141 4331 1195 4413 (ut
