2632 4718
546 524 596 610 ..“
635 563 677 629 35
723 598 766 615 -

235 740 298 806 Hic
322 739 480 807 divinitus
503 740 611 807 indita

235 847 275 912 vi
298 867 362 913 nec
386 847 583 931 pauperiem
606 867 668 914 nec
692 847 838 915 scabiem
861 849 983 916 malam

236 954 351 1039 Fugit,
380 955 440 1021 sed
463 955 592 1022 miseris
621 957 737 1023 oscula
764 975 841 1022 cum
869 957 1065 1023 muneribus
1089 957 1189 1024 dedit.

236 1096 362 1163 Christi
385 1101 495 1164 motus
518 1096 660 1182 imagine

236 1205 306 1271 Res
330 1205 516 1270 divendidit
539 1210 573 1271 et
595 1205 759 1272 sollicitus
783 1225 911 1273 sacram

124 1313 183 1398 30)
236 1311 366 1377 Aedem
391 1311 575 1395 magnificis
598 1313 774 1379 constituit
796 1314 919 1378 ducere
943 1313 1144 1397 sumptibus.

236 1454 383 1519 Cunctas
407 1457 524 1538 captus
548 1455 590 1520 ab
613 1454 715 1539 impio

235 1561 435 1645 Aspernans
458 1561 558 1627 abicit
582 1563 715 1627 divitias
739 1565 836 1645 patre

239 1669 281 1733 Et
305 1667 395 1734 curis
418 1687 542 1734 vacuus
565 1688 621 1735 cor
645 1670 776 1754 superis
800 1669 932 1736 dedicat
955 1668 1133 1752 integrum.

235 1810 286 1877 Ex
309 1811 480 1894 evangelio
503 1812 608 1877 sacris

237 1918 443 1984 Instructam
467 1918 589 2001 cupido
615 1920 747 2002 pectore
771 1918 899 2003 legibus

124 2028 184 2112 36)
237 2024 332 2092 Coeli
355 2045 453 2092 verus
478 2046 580 2107 amor,
604 2045 683 2092 vera
706 2026 760 2092 dei
782 2027 890 2110 gratia
912 2029 1095 2111 promovet.

237 2169 345 2235 Solvit
368 2169 410 2234 de
432 2169 518 2251 pede
540 2169 682 2234 mulleos

238 2275 311 2342 Nec
335 2275 521 2367 carpiscula
544 2295 606 2340 nec
630 2275 817 2342 sandalium
840 2274 934 2356 tulit3

239 2383 365 2449 Zonam
388 2383 580 2450 sordidulus
604 2383 775 2449 funiculus
799 2383 928 2465 depulit
951 2403 1097 2449 auream.

239 2525 424 2590 Contentus
448 2525 562 2590 tunica
586 2523 684 2590 nimis

237 2633 302 2698 Vili
326 2651 514 2716 purpureas
537 2633 604 2697 iam
629 2631 723 2697 nihili
747 2633 840 2715 togas

123 2741 185 2824 42)
243 2741 372 2816 Pandit,
397 2745 509 2805 mente
533 2739 593 2822 pili
619 2759 715 2805 russa
738 2739 817 2804 lacit
840 2738 906 2804 iarn
930 2739 1131 2804 diademata.

240 2883 444 2948 Praeconem
468 2880 591 2946 domini
618 2881 652 2946 in
677 2882 788 2946 nivern

240 2989 366 3055 Seaevo
389 2988 617 3072 praecipitant
641 2989 737 3053 corde
761 2989 950 3069 latrunculi,

239 3096 379 3162 Ardenti
403 3095 545 3180 rigidum
569 3097 630 3161 sed
654 3096 768 3163 nocuit
791 3097 838 3162 nil
862 3096 972 3163 animo
995 3097 1079 3179 gelu.

239 3240 397 3325 Dum-sic
421 3239 543 3304 militat
566 3240 705 3305 arduum

240 3346 328 3412 Finis
352 3346 500 3412 consiliis
525 3345 699 3430 perficiens
722 3347 797 3426 iter,

125 3456 187 3542 48)
242 3453 440 3538 Complures
463 3455 601 3519 comites
625 3453 836 3536 magnanimo
861 3474 897 3520 se
920 3454 1048 3520 sociant
1072 3453 1158 3519 duci.

240 3597 304 3662 Hic
328 3595 535 3680 evangelicos
558 3597 628 3660 suis

240 3703 408 3770 Conscivit
433 3723 577 3769 canonas
602 3701 785 3787 discipulis,
809 3704 897 3769 viam

240 3812 429 3878 Ostendens
453 3810 603 3890 solidam,
627 3831 694 3894 qua
717 3819 875 3895 superum
898 3811 988 3893 regia
1012 3810 1192 3877 scanditur.

240 3955 363 4020 Duram
387 3952 582 4037 pauperiem
607 3952 687 4037 pali,

239 4064 341 4127 Veras
365 4061 499 4127 divilias
522 4065 559 4126 ut
584 4061 646 4126 sibi
670 4062 875 4145 comparent,

128 4171 189 4256 54)
242 4167 1192 4253 Rebusposthabitis,quasrniserumvulgusamat,docet.

982 4311 1024 4378 30
