2632 4718
542 748 739 812 ,5-

212 947 340 1008 genere¹
360 927 550 1007 praeteritis
568 928 600 989 et
619 925 759 1008 supinis,
783 929 816 990 et
833 928 1077 992 constructione
1095 948 1173 991 con-

213 1033 308 1096 sistit.
349 1034 423 1110 Qua
440 1033 575 1113 quidem
600 1031 705 1112 siege
729 1033 803 1095 illos
820 1032 985 1097 brevitate
1008 1034 1174 1096 claritate-

213 1160 278 1221 que
309 1139 493 1202 efficacium
517 1142 774 1219 praeceptorum
810 1139 1005 1220 levaverim,
1037 1139 1174 1204 videbor

154 1248 165 1263 '
212 1245 327 1326 pietati
351 1265 444 1308 meae
467 1244 585 1308 fecisse
609 1245 690 1308 satis
714 1249 816 1326 atque
840 1245 903 1309 mei
929 1247 1053 1310 laboris
1077 1266 1174 1327 prae-

212 1351 314 1414 mium
346 1351 481 1430 gloriam
513 1350 699 1414 habiturus.
749 1351 905 1415 Admiror
933 1353 1043 1415 autem
1073 1372 1173 1434 supe-

212 1457 307 1521 rioris
331 1457 449 1522 aetatis
471 1458 624 1521 homines
645 1461 703 1520 aut
727 1460 901 1522 veteranos
926 1458 1173 1540 ludimagistros

212 1565 297 1628 hanc
329 1564 393 1629 sibi
426 1563 631 1645 provinciam
662 1584 728 1628 non
758 1565 978 1645 assumpsisse
1002 1563 1174 1628 maluisse-

213 1689 277 1750 que
294 1670 475 1733 Alexandri
500 1669 763 1733 obscuritatibus
780 1672 812 1732 et
830 1670 999 1733 erroribus
1023 1670 1173 1734 imbuere

126 1828 146 1840 .
212 1777 451 1840 adolescentes.
500 1777 586 1840 Puto
621 1796 702 1839 sane
738 1776 862 1840 laboris
900 1776 1031 1856 aliquos
1070 1777 1173 1841 fuisse

212 1885 419 1964 pertaesum,
458 1883 588 1964 aliquos
619 1882 779 1946 invidisse
811 1881 1012 1959 minoribus,
1052 1885 1089 1946 ut
1123 1902 1173 1963 ea,

212 2010 297 2070 quae
324 1988 387 2070 ipsi
413 1988 587 2053 didicerint
617 1987 808 2065 difficulter,
841 1989 923 2052 alios
953 2009 1020 2052 uon
1043 1988 1173 2052 minore

212 2096 371 2160 docerent
402 2096 514 2159 labore
539 2095 739 2159 discentium
772 2115 832 2159 nec
860 2094 1003 2177 posteris
1027 2096 1174 2177 apertior

212 2203 298 2265 esset
327 2202 369 2265 ad
393 2203 628 2283 emergendum
652 2201 715 2275 ria,
744 2201 873 2282 aliquos
903 2203 1071 2282 tamquam
1098 2200 1173 2264 reli-

126 2312 165 2371 ιε’
212 2308 341 2391 pionem
359 2309 483 2372 veritos
508 2328 581 2371 esse
603 2309 792 2372 rudimenta
809 2310 948 2381 mutare,
973 2310 1006 2370 et
1023 2328 1065 2371 ne
1083 2309 1173 2388 apud

210 2418 343 2496 gentem
370 2434 566 2496 persuasam
602 2415 768 2478 novellum
797 2434 882 2498 opus
917 2414 1069 2478 meritam
1105 2434 1173 2479 non

211 2523 295 2586 foret
312 2522 542 2608 auctoritatem
561 2524 830 2584 consecuturum.
868 2519 1064 2584 Contrirere
1082 2518 1170 2582 enim

210 2647 325 2691 omnes
357 2628 422 2691 iam
447 2627 576 2708 pridem
607 2646 893 2709 superracaneum
921 2626 955 2688 in
980 2625 1170 2691 Alexandro

210 2735 342 2814 tempus
367 2737 402 2797 et
425 2735 610 2797 conterunt.
635 2733 731 2796 Illum
756 2733 863 2797 solum
886 2753 926 2796 ex
949 2732 1172 2813 grammaticis

126 2842 170 2901 30
211 2842 345 2916 norunt,
376 2839 471 2902 illum
504 2838 683 2921 praecipue
715 2839 854 2911 habent,
886 2839 980 2902 illnm
1012 2839 1169 2903 erolrunt

215 2965 275 3008 nec
288 2945 381 3009 'alios
398 2945 585 3026 attingunt
601 2945 693 3008 illum
717 2945 830 3025 pueris
847 2946 1036 3025 explanant.
1059 2946 1094 3007 in
1115 2944 1172 3010 illo

173 3085 175 3089 ν
210 3053 298 3114 totos
334 3053 513 3122 conterunt
544 3051 614 3116 dies
646 3070 778 3132 semper
814 3051 994 3134 discipulos
1023 3051 1172 3116 infelices

213 3157 297 3234 „Per
320 3176 421 3238 quam
451 3158 640 3238 regulam?“
674 3159 856 3240 rogitando.
907 3157 1056 3222 Dicerem
1083 3159 1172 3222 litte-

210 3282 322 3335 rarum
345 3268 509 3345 expertes,
534 3265 596 3328 nisi
621 3263 720 3328 etiam
745 3284 785 3328 ex
808 3264 914 3328 doctis
938 3264 1064 3346 aliquot
1091 3264 1172 3327 haec

125 3373 166 3436 35
210 3368 283 3450 ipsa
305 3372 449 3434 tractare
473 3370 576 3434 reluti
601 3370 696 3434 valde
723 3369 903 3451 peculiaria
935 3371 1065 3433 scirem.
1105 3370 1172 3433 Sed

209 3479 336 3557 quanta
358 3476 393 3539 id
417 3476 542 3540 faciunt
568 3481 617 3556 (nt
641 3495 724 3558 paee
743 3496 859 3541 eorum
876 3476 1031 3560 dixerim)
1044 3477 1171 3558 impru-

210 3580 334 3646 denlial
382 3582 468 3647 Nam
496 3602 637 3664 pueros
667 3583 724 3665 qui
758 3584 842 3647 lacte
871 3582 1019 3664 cibisque
1049 3581 1171 3646 delica-

176 3691 180 3698 '
210 3688 348 3751 [issimis
379 3687 552 3770 facilisque
585 3690 761 3755 solutionis
794 3689 905 3754 alendi
936 3693 1030 3767 sunt,
1066 3690 1172 3753 multo

210 3793 377 3858 absinthio
407 3795 558 3877 cibisque
583 3796 717 3860 rusticis
747 3800 779 3859 et
804 3794 989 3860 durissimis
1020 3794 1172 3858 nutriunt

123 3903 169 3966 40
209 3902 295 3964 male
332 3901 544 3983 redduntque
573 3904 630 3965 aut
658 3902 822 3966 invalidos
853 3904 887 3964 et
919 3900 1084 3965 deformes
1113 3904 1171 3964 aut

210 4027 271 4088 pro
294 4008 476 4089 pinguibus
499 4008 659 4090 turgidos.
704 4008 972 4089 Respondebunt
995 4007 1069 4071 illos
1092 4006 1171 4069 taci-

210 4114 273 4178 lius
296 4114 477 4178 Alexandri
502 4135 636 4179 carmen
666 4116 813 4179 ediscere
839 4118 871 4177 et
903 4133 1046 4187 servare,
1070 4132 1171 4195 quam

210 4221 353 4285 solutam
387 4221 583 4285 orationem.
635 4222 732 4299 Quod
771 4220 904 4303 quidem
940 4218 1101 4301 contingit
1136 4217 1172 4281 in

210 4328 336 4392 multis.
384 4327 480 4392 Multi
506 4347 640 4410 quoque
665 4328 784 4392 melius
808 4346 951 4410 prosam,
976 4344 1075 4408 quam
1099 4343 1172 4389 car-
