2632 4718
608 750 651 770 ..
698 704 741 785 96
788 747 829 765 -.

326 896 369 962 Et
391 897 483 962 cultu
506 895 676 976 meretrix,
700 896 804 961 Laide
827 894 989 962 callidior.

278 1003 431 1068 Praemia
454 1002 673 1083 constituunt,
696 1002 851 1068 iuvenem
874 1004 902 1067 si
926 1001 1041 1068 fallere
1065 1004 1181 1085 posset

321 1111 362 1174 Et
386 1110 549 1175 Venerem
572 1109 670 1193 pulso
693 1109 870 1176 conciliare
895 1110 968 1176 deo.

210 1219 250 1282 75
274 1216 405 1282 Blanda
428 1216 519 1282 subit
540 1217 617 1299 puri
642 1216 770 1282 vultum
795 1217 874 1298 lupa
897 1216 1040 1283 molliter
1065 1215 1150 1298 agni,

320 1323 458 1406 Absque
482 1323 609 1405 pudore
633 1322 716 1387 iocis
740 1323 846 1387 utitur
869 1323 927 1388 illa
949 1323 1028 1386 suis,

276 1430 321 1495 Ut
345 1429 514 1494 Christum
538 1428 696 1510 excutiat,
721 1430 912 1511 petulantes
936 1429 1075 1493 advocat
1098 1431 1188 1492 artes

320 1537 431 1618 Atque
455 1535 638 1618 pudicitiae
662 1537 717 1601 rix
740 1535 821 1599 sinit
844 1555 917 1600 esse
941 1537 1059 1600 locum.

276 1643 343 1707 Sed
369 1641 466 1707 fortis
489 1641 564 1718 tiro,
587 1641 732 1707 vicinum
756 1662 872 1707 versus
897 1643 939 1708 ad
963 1641 1084 1724 ignem,

208 1752 252 1814 80
319 1747 464 1833 Corripit
486 1747 564 1813 hinc
588 1749 731 1823 taedam,
755 1748 851 1830 pellit
873 1749 907 1813 in
930 1767 989 1814 ora
1013 1748 1120 1831 lupae,

275 1856 317 1920 Et
340 1875 416 1920 curn
439 1856 494 1919 vix
517 1854 614 1920 aliter
637 1854 745 1937 possit
768 1875 901 1921 servare
925 1856 1098 1939 pudorem,

319 1962 484 2027 Exturbat
507 1962 643 2027 flamma
665 1961 943 2046 persequiturque
967 1961 1074 2027 minis.

275 2067 425 2133 Occlusis
449 2067 577 2133 furibus
601 2069 681 2133 lletu
706 2069 917 2152 lacrimisque
940 2070 1103 2134 redundat

318 2175 431 2258 Atque
455 2174 519 2239 sibi
543 2175 621 2239 ferri
646 2175 787 2239 coelitus
810 2179 885 2240 orat
908 2196 1016 2259 opem.

208 2281 433 2365 851mp10rat
458 2281 640 2360 dominum,
664 2301 730 2364 quo
755 2301 790 2345 se
813 2281 967 2347 defendat
993 2282 1118 2364 ubique

326 2387 395 2452 Nec
418 2388 557 2452 Veneris
580 2388 669 2470 tangi
694 2388 881 2474 colluvione¹
903 2389 999 2453 sinat.

274 2494 349 2559 Mox
373 2491 479 2557 nitido
504 2493 663 2559 cecidisse
687 2496 798 2560 serunt
824 2516 863 2559 ex
887 2497 1021 2560 aethere
1045 2515 1170 2569 zonam,

323 2601 485 2664 Devotum
511 2601 671 2666 famulum
695 2601 895 2685 respiciente
920 2603 992 2667 deo.

274 2706 380 2784 Quam
404 2725 480 2771 cum
505 2710 661 2788 gestaret,
686 2709 875 2772 lumborum
900 2708 1036 2772 evanuit
1061 2710 1170 2786 ardor,

207 2814 249 2877 90
319 2812 457 2893 Prurigo
480 2814 620 2878 Veneris
643 2818 720 2896 post
744 2834 878 2896 quoque
903 2815 995 2880 nulla
1018 2815 1091 2880 suit.

275 2919 417 2985 Pervicit
440 2919 589 2985 Thomae
614 2922 750 2985 tandem
773 2922 962 2986 constantia
986 2923 1126 2986 matrem

318 3025 431 3108 Atque
455 3027 528 3109 pios
552 3026 689 3107 fratres3
714 3028 769 3092 ille
794 3030 931 3093 revertit
954 3049 1065 3094 ovans

274 3131 367 3209 Quia,
392 3152 481 3216 rogo,
506 3135 656 3199 divinum
680 3133 760 3199 satis
784 3136 969 3200 admiretur
993 3155 1149 3208 amorem,

318 3238 392 3316 Quo
416 3240 473 3322 qui
496 3239 669 3324 praeditus
692 3243 754 3319 est,
780 3242 825 3305 uil
850 3241 914 3304 nisi
939 3262 1063 3306 numen
1087 3243 1197 3306 amat?

207 3348 248 3410 95
273 3347 416 3411 Sanctus
439 3347 538 3411 homo
562 3346 705 3428 patriam
729 3351 921 3412 terrestrem
946 3352 1065 3430 sponte
1089 3348 1232 3429 reliquit,

319 3454 362 3516 Ut
385 3454 514 3535 peteret
537 3453 657 3517 summi
683 3454 791 3519 lueida
815 3455 942 3536 templa
965 3454 1028 3518 dei.

273 3558 388 3623 Maluit
411 3559 509 3624 exilio
534 3578 656 3641 corpus
681 3581 781 3643 quarn
805 3561 952 3643 plectere
976 3565 1130 3631 montom,

318 3666 389 3729 Hac
412 3666 495 3730 illud
520 3667 617 3749 longo
641 3667 739 3731 vilius
764 3688 837 3732 esse
862 3670 996 3748 putans.

273 3772 428 3837 Deseruit
451 3793 546 3838 caros
570 3774 660 3838 salva
683 3775 807 3856 pietate
831 3777 997 3857 parentes

188 3882 249 3944 100
318 3880 362 3943 Ut
385 3899 544 3960 superum
568 3880 691 3944 coleret
715 3881 985 3962 terrigenumque
1009 3883 1149 3962 patrem.

273 3985 410 4050 Divitias
434 3985 570 4068 sprevit,
595 4005 661 4067 quo
685 3986 783 4050 claris
807 3987 937 4051 artibus
962 3990 1051 4050 esset

317 4092 423 4157 Ditior
447 4095 479 4156 et
503 4092 634 4175 placido
657 4097 795 4175 pectore
820 4094 966 4157 liberior.

273 4198 479 4281 Contempsit
505 4199 611 4263 fastus
636 4200 817 4275 hominum,
843 4200 1043 4283 contempsit
1068 4201 1210 4262 lrouoros

319 4304 428 4387 thue
452 4306 555 4368 semel
579 4306 696 4384 dicam,
721 4306 828 4370 noluit
853 4328 925 4371 esse
950 4309 1060 4372 miser.
