2632 4718
531 753 744 816 ..25-

224 931 339 994 alteris
371 929 530 994 alliciant.
589 930 675 1010 Ergo
711 929 886 1010 utriusque
921 929 1051 1010 lirguae
1088 931 1178 993 rudi-

124 1040 174 1101 20
221 1040 330 1100 menta
363 1039 396 1099 et
420 1037 533 1100 statim
564 1041 596 1100 et
628 1036 669 1099 ab
694 1037 822 1116 optimo
854 1040 1069 1119 praeceptore
1098 1042 1177 1100 suut

221 1143 417 1207 lraurieuda.
473 1143 569 1219 Quod
606 1142 633 1204 si
670 1141 756 1206 sorte
792 1162 858 1205 nou
894 1143 1073 1223 contingat,
1106 1146 1177 1206 tum

218 1249 324 1331 (quod
351 1253 401 1312 est
419 1250 622 1330 proximum)
646 1248 782 1331 optimis
806 1250 896 1312 certe
921 1249 1081 1312 utendum
1100 1270 1178 1313 auc-

219 1356 366 1429 toribus,
404 1375 488 1436 quos
512 1355 667 1436 equidem
705 1374 903 1437 perpaueoS,
939 1355 998 1418 sed
1033 1355 1178 1419 delectos

220 1482 292 1524 esse
328 1462 437 1525 velim.
505 1462 594 1524 luter
624 1462 768 1525 Graecos
804 1461 1038 1543 grammaticos
1079 1481 1176 1525 nemo

126 1572 169 1632 ‘25
218 1588 284 1631 nou
330 1568 477 1648 primum
524 1569 632 1631 locum
680 1567 798 1631 tribuit
838 1567 1015 1638 Theodoro
1058 1568 1174 1633 Gazae.

224 1674 413 1737 Proximum
451 1694 524 1737 mea
555 1674 721 1737 sententia
757 1673 997 1737 Constantinus
1026 1674 1177 1737 Lascaris

219 1780 281 1842 sibi
306 1781 378 1843 iure
411 1800 471 1842 suo
498 1780 660 1858 vindicat3
693 1779 780 1843 inter
809 1779 947 1843 Latinos
978 1781 1177 1844 retustiores

222 1886 409 1949 Diomedes.
457 1887 547 1948 Inter
572 1885 775 1949 recentiores
800 1885 889 1948 baud
915 1887 1055 1949 multum
1082 1885 1176 1949 rideo

227 1991 441 2067 discriminis
475 1992 538 2055 nisi
569 1993 658 2073 quod
689 1991 846 2055 Nicotaus
871 1993 1023 2055 Perottus
1047 1991 1179 2055 ridetur

134 2100 176 2161 30
222 2098 369 2164 omnium
395 2098 687 2180 diligentissimus
717 2097 801 2162 citra
832 2099 1103 2180 superstitionem
1128 2101 1177 2162 ta-

225 2224 311 2268 men.
353 2207 486 2279 Verum,
511 2208 549 2268 ut
573 2205 762 2270 huiusmodi
787 2207 967 2288 praecepta
991 2204 1096 2268 fateor
1119 2225 1177 2268 rre-

220 2312 374 2385 cessaria,
400 2313 445 2374 ita
470 2313 568 2376 velim
594 2331 677 2386 esse,
702 2305 814 2393 quoad
839 2310 912 2374 fieri
937 2311 1052 2394 possit,
1077 2330 1177 2392 quam

222 2417 430 2500 paucissima.
449 2421 547 2483 modo
572 2419 639 2481 siut
656 2419 793 2500 optima.
834 2418 902 2481 Nec
926 2437 1083 2500 umquam
1101 2436 1177 2498 pro-

222 2524 298 2587 bari
328 2525 552 2589 litteratorum
583 2525 713 2606 vulgus,
746 2525 802 2606 qui
836 2544 960 2605 pueros
989 2525 1022 2587 in
1051 2525 1102 2587 lris
1127 2524 1177 2586 in-

133 2631 175 2694 35
222 2631 392 2694 culcandis
416 2631 604 2712 complures
622 2651 726 2694 anuos
745 2633 963 2694 remorantur.
1000 2630 1082 2694 Nam
1099 2651 1177 2694 rera

225 2738 401 2802 emendate
434 2738 590 2819 loquendi
622 2738 761 2801 facultas
785 2739 910 2819 optime
939 2741 1075 2819 paratur
1103 2757 1176 2800 cum

222 2863 262 2906 ex
300 2845 461 2923 castigate
498 2845 705 2924 loquentium
742 2844 908 2926 colloquio
943 2842 1177 2923 convictuque,

224 2953 292 3011 tum
325 2970 365 3013 ex
397 2951 625 3032 eloquentium
655 2955 829 3014 auctorum
858 2949 993 3013 assidua
1025 2943 1175 3012 lectione.

220 3055 246 3117 E
282 3055 404 3136 quibus
440 3055 461 3119 ii
498 3057 641 3137 primum
677 3060 755 3119 suut
791 3055 990 3128 imbibeudi,
1030 3075 1172 3137 quorum

131 3163 174 3223 40
220 3161 342 3236 oratio,
367 3165 602 3244 praeterquam
627 3163 717 3243 quod
751 3167 798 3225 est
825 3162 1094 3242 castigatissima,
1125 3181 1177 3223 ar-

225 3267 373 3347 gumenti
399 3287 532 3350 quoque
550 3269 704 3332 illecebra
730 3269 842 3350 aliqua
861 3268 1065 3332 discentibus
1082 3268 1178 3331 blau-

221 3373 340 3437 diatur.
385 3374 458 3450 Quo
483 3376 617 3456 quidem
647 3375 680 3438 in
709 3396 830 3457 genere
857 3375 979 3456 primas
1003 3373 1177 3438 tribuerim

220 3479 384 3556 Lucieno,
424 3481 545 3545 alteras
582 3481 810 3556 Demostheni,
847 3480 963 3544 tertias
994 3481 1177 3546 Herodoto.

220 3585 365 3650 Rursum
408 3608 447 3651 ex
482 3588 589 3668 poetis
624 3588 751 3669 primas
784 3587 1015 3670 Aristophani,
1056 3588 1177 3650 alteras

133 3692 176 3755 45
224 3683 381 3772 Homero,
405 3695 520 3757 tertias
544 3694 705 3776 Euripidi.
754 3694 838 3758 Nam
864 3694 1098 3773 Menandrum,
1124 3694 1176 3757 cui

226 3799 277 3862 vel
301 3799 426 3880 primas
450 3802 588 3864 daturus
613 3821 717 3874 eram,
743 3801 981 3865 desideramus.
1031 3800 1177 3863 Rursum

220 3904 307 3968 inter
331 3906 484 3978 Latinos,
515 3909 591 3988 quis
616 3908 730 3971 utilior
755 3907 913 3988 loquendi
937 3910 1052 3970 auctor
1075 3927 1177 3989 quam

218 4012 411 4092 Terentius
449 4033 568 4096 purus,
599 4017 708 4078 tersus
743 4018 774 4078 et
811 4014 1003 4096 quotidiano
1032 4014 1177 4076 sermoni

217 4119 404 4200 proximus,
441 4124 511 4184 turn
548 4123 621 4203 ipso
658 4142 793 4204 queque
830 4120 1016 4203 argumenti
1057 4139 1176 4202 genere

133 4226 176 4288 50
221 4225 389 4289 iucundus
414 4228 668 4292 adolescentiae.
711 4227 797 4291 Huic
820 4230 847 4291 si
873 4227 948 4309 quis
972 4227 1100 4308 aliquot
1125 4245 1176 4288 se-

221 4333 323 4396 lectas
344 4333 454 4397 Plauti
479 4335 669 4398 comoedias
693 4337 788 4417 putet
812 4334 992 4412 addendas
1010 4352 1096 4415 quac
1119 4352 1176 4395 va-
