2632 4718
324 300 328 310 1·

324 319 333 340 Ἴ

527 716 746 787 ...29-

215 901 260 965 111
286 896 436 985 Pyli0s4)
459 898 567 982 possis
591 897 808 981 aequiparare
832 898 912 963 dies.

97 1010 143 1071 45
170 1007 225 1071 Sis
250 1008 347 1072 modo
371 1009 561 1082 contentus
584 1006 637 1069 rel
659 1024 762 1088 parvo
786 1005 897 1069 virere
921 1005 969 1069 sas
994 1006 1056 1081 est,

219 1114 283 1177 Fas
307 1114 356 1176 esi
384 1115 417 1175 ct
442 1109 620 1193 Venetas⁵l
646 1131 804 1194 spernere
829 1111 971 1175 divitias.

597 1447 680 1512 Xlt'.

359 1588 408 1657 In
432 1586 638 1676 quendam
660 1586 917 1656 causidicum.

127 1754 141 1814 1
172 1750 265 1814 Inter
288 1748 476 1813 causidicus
501 1748 638 1832 quidam
664 1747 852 1811 rabiosulus
877 1750 992 1824 exstat,

215 1857 280 1933 Qui
306 1874 387 1937 prae
412 1874 447 1918 se
471 1858 586 1918 ratum
610 1853 753 1933 despicit
777 1874 875 1917 omne
900 1872 1014 1935 genus.

173 1962 338 2036 Blactem,
362 1960 534 2032 rer-bosus.
559 1959 692 2041 linguar
716 1958 901 2041 similisque
927 1959 1059 2023 cicadae

216 2067 374 2132 Locrensi
387 2068 412 2152 ¹)
437 2065 544 2131 nescit
568 2066 725 2130 claudere
749 2065 839 2130 rocis
863 2066 935 2129 iter.

124 2178 144 2239 5
170 2176 311 2257 Semper
336 2173 371 2237 in
394 2174 561 2238 humanos
586 2191 705 2253 magno
729 2173 851 2254 strepit
875 2171 1004 2252 agmine
1030 2193 1147 2247 nanee,

215 2280 386 2345 Veridices
409 2281 525 2344 contra
548 2279 646 2343 latrat
672 2277 799 2360 ubique
824 2278 922 2342 vires

171 2385 255 2450 Cum
280 2385 374 2450 stetit
398 2389 534 2450 acturus
558 2385 624 2449 iam
649 2404 767 2448 causas
791 2386 868 2448 ante
892 2382 1050 2456 tribunal,

213 2491 404 2557 Clamosnm
428 2492 544 2556 rabido
568 2491 713 2554 concitat
737 2509 794 2554 ore
821 2491 939 2554 10111111.

170 2599 226 2662 Sic
250 2597 340 2662 ferus
364 2597 536 2669 exclamat,
561 2601 677 2660 natum
704 2598 739 2658 ut
764 2596 805 2658 de
830 2596 985 2660 Stentore
1008 2597 1136 2674 credas

105 2707 145 2768 10
215 2703 335 2768 Libera
359 2722 420 2768 nec
444 2702 600 2785 cuiqnam
624 2703 726 2766 verba
751 2703 874 2767 reterre
899 2701 986 2765 licet.

171 2809 235 2873 Hic
258 2810 365 2884 1101110,
391 2809 550 2874 latrantes
574 2807 729 2872 homines
752 2807 782 2870 si
806 2807 917 2872 dicere
941 2807 990 2871 sas
1015 2811 1074 2877 est,

215 2916 267 2980 lle
290 2915 354 2981 sibi
379 2914 572 2980 dissimilem
595 2915 718 2978 talibus
743 2914 925 2996 increpuit:

172 3022 325 3104 „Pauper
348 3042 393 3097 es,
416 3024 454 3085 ut
477 3020 582 3098 videa
607 3021 676 3085 ludi
701 3020 835 3103 plagose
861 3019 1027 3101 magister,

214 3128 304 3192 Rara
328 3130 379 3192 cst
404 3127 438 3191 iu
462 3126 580 3192 loculis
605 3126 694 3190 lulra
717 3129 852 3190 maneta
875 3114 975 3189 tniss

103 3238 144 3298 la
169 3232 301 3298 Clamas
324 3235 356 3298 et
381 3232 500 3298 misere
525 3235 596 3298 tola
618 3237 651 3297 te
676 3234 748 3298 lure
773 3232 900 3314 fatigas

213 3339 280 3404 Sed
302 3341 356 3404 vix
380 3340 456 3422 plus
481 3339 569 3404 rictu
593 3340 742 3423 suppetit
766 3340 844 3403 inde
868 3338 940 3402 tibi.

170 3444 245 3510 Non
270 3448 321 3510 est
344 3447 464 3512 melote
488 3446 571 3510 resti
596 3447 761 3511 subducta
786 3465 846 3509 nec
872 3465 990 3509 aurum

214 3550 253 3616 ln
277 3551 388 3634 digitis
412 3553 517 3617 radiat
541 3552 793 3617 sardonicumre
818 3552 917 3616 111101.

168 3657 254 3735 Quid
271 3661 414 3742 'prosunt
430 3659 565 3723 Musae?
602 3660 690 3736 Quid
707 3658 862 3722 carminis
879 3660 994 3721 auctor
1020 3657 1164 3738 lipnlle?

100 3767 145 3828 20
210 3765 276 3828 Ars
301 3786 372 3830 mea
397 3764 546 3839 fertilior,
571 3767 729 3847 quaestus
753 3767 785 3828 et
811 3764 952 3828 uberior.

168 3871 363 3936 Muneribus
386 3871 512 3935 crebris
537 3872 621 3935 ditat
645 3892 697 3934 me
722 3871 821 3935 turba
844 3871 1013 3943 clientum,
1127 3902 1140 3989 p

211 3979 317 4042 Ardet
340 3980 507 4062 perpetuo
531 3981 646 4041 nostra
670 3978 778 4041 culina
802 3979 884 4042 1000.

167 4084 338 4165 Magnifice
364 4084 472 4166 plenis
496 4084 628 4147 celebro
653 4083 806 4148 coniitia
831 4084 965 4159 uicinis,

211 4190 365 4255 Vestibus
390 4192 424 4254 et
449 4191 593 4254 nummis
619 4209 680 4252 nec
705 4191 817 4254 tamen
842 4209 918 4253 arca
942 4192 1049 4252 uacat.

100 4298 142 4362 *25
167 4297 218 4361 Tu
243 4297 386 4361 siceram
409 4296 508 4360 rilem
534 4295 621 4359 sicce
645 4295 732 4359 bibis
755 4315 812 4359 ore
835 4315 999 4377 rarasque
