2632 4718
634 592 855 657 ..qq-

304 770 405 835 rebus
429 789 599 836 cessamus
622 772 656 835 et
679 770 715 835 in
738 770 872 855 pigritia
894 769 1172 835 contabescimus.
1203 769 1278 834 Hoc

237 878 256 939 5
303 867 509 958 ἁφιλοκαλὸν,
538 875 744 955 illiteratum,
774 876 865 940 iners
888 895 1092 961 prorsusque
1115 879 1215 959 turpe
1239 896 1278 942 ac

305 983 502 1049 detestabile
526 985 592 1063 est,
626 984 716 1066 quod
744 1003 806 1049 nos
829 982 929 1048 etiam
953 984 1043 1048 omni
1067 983 1278 1050 humanitate

306 1091 396 1156 exuit
427 1093 459 1154 et
488 1089 576 1155 infra
606 1091 722 1155 brutas
751 1090 937 1156 animantes
965 1091 1094 1174 redigit.
1142 1091 1191 1157 De
1215 1092 1280 1158 hoc

287 1187 481 1281 Senecas:
508 1197 641 1277 „Otium
664 1197 735 1263 sine
758 1197 879 1263 litteris
901 1218 991 1264 mors
1012 1200 1062 1263 est
1082 1200 1117 1263 et
1131 1198 1278 1263 hominis

302 1305 369 1369 riri
397 1305 602 1388 sepultura.“
653 1304 723 1370 Hoc
755 1306 797 1369 ad
826 1305 982 1370 libidines
1012 1307 1047 1369 et
1077 1305 1120 1371 ad
1143 1325 1279 1371 omnem

221 1414 261 1477 10
305 1410 595 1494 intemperantiam
618 1431 743 1496 pronos
767 1411 878 1477 eflicit.
923 1412 1087 1490 Quocirca
1110 1412 1145 1476 in
1168 1413 1279 1494 primo

301 1519 470 1584 volumine
495 1518 535 1583 de
559 1518 681 1585 amoris
704 1520 851 1585 remedio
872 1520 958 1584 bene
974 1518 1114 1585 Ovidius
1125 1518 1153 1605 ²)
1177 1520 1279 1586 dixit:

307 1624 404 1705 „Otia
427 1627 455 1691 si
479 1626 588 1705 tollae,
611 1625 741 1709 periere
765 1626 931 1710 cupidinis
955 1645 1063 1707 arcus,

348 1732 633 1817 Contemptaeque
655 1733 764 1798 iacent
788 1738 821 1798 et
844 1733 915 1798 sine
939 1734 1012 1799 luce
1036 1733 1135 1799 iaces,

304 1839 412 1918 Quam
434 1841 591 1923 platanus
616 1841 686 1906 rivo
712 1841 844 1923 gaudet,
871 1860 973 1924 quam
1000 1840 1146 1924 populus
1177 1842 1278 1924 unda,

218 1950 258 2014 15
350 1947 392 2012 Et
416 1967 518 2032 quam
540 1947 659 2014 limosa
681 1968 788 2013 canna
811 1949 972 2030 palustris
996 1949 1114 2015 humo:

305 2055 388 2119 Tam
411 2056 523 2120 Venus
546 2055 616 2120 otia
639 2059 758 2120 amat.“

305 2163 349 2229 Et
371 2162 456 2228 alius
478 2163 579 2245 poeta
602 2181 668 2227 non
693 2162 830 2245 illepide
855 2161 992 2227 cecinit:

307 2270 403 2348 „Non
426 2269 462 2333 in
485 2268 613 2335 deliciis
636 2271 842 2353 praestantia
866 2269 1000 2335 nomina
1024 2270 1149 2350 vivunt,

350 2375 428 2441 Otia
451 2396 518 2441 nou
539 2376 626 2442 inter
649 2377 761 2441 mollia
786 2376 892 2460 surgit
915 2377 1051 2443 1101105.ιι

218 2485 261 2547 lt)
306 2483 403 2547 Plato
426 2485 496 2548 suis
520 2483 691 2567 discipulis
715 2483 824 2549 dicere
848 2485 990 2549 solebat:
1024 2483 1122 2562 „Otio
1146 2485 1278 2550 labores

304 2590 509 2674 anteponite,
519 2590 554 2654 ni
564 2591 1274 2674 rubiginemsplendoripraestareputatist“

306 2696 402 2762 Unde
419 2700 451 2763 et
472 2696 624 2779 Baptista
641 2699 842 2763 Mantuanus
852 2698 880 2783 i)
903 2699 938 2762 in
954 2697 1061 2780 primo
1080 2698 1277 2763 Partheniae

305 2806 352 2870 sic
376 2804 525 2889 scripsit:

645 2915 781 2996 „Pigros
806 2913 957 2996 rubigine
981 2932 1101 2977 sensus

352 3019 429 3084 Otia
452 3020 640 3098 corrodunt,
665 3019 842 3102 sopitaque
866 3024 1001 3102 pectora
1025 3022 1122 3102 topor

353 3125 479 3191 Nouius
502 3126 660 3208 obliquat.
685 3127 833 3205 Ferrum,
858 3125 886 3189 si
910 3127 1029 3191 transit
1052 3125 1087 3190 in
1109 3144 1202 3206 usus,

350 3232 496 3297 Assiduo
520 3233 697 3317 splendore
721 3232 832 3313 micat,
855 3233 1014 3315 vultuque
1038 3232 1156 3297 nitenti

351 3339 463 3403 Audet
486 3341 529 3404 ad
552 3341 679 3422 argenti
706 3341 807 3405 decus
832 3340 979 3423 aspirare
1003 3341 1201 3422 superbum:

350 3445 394 3510 At
418 3445 446 3510 si
470 3447 568 3529 longa
591 3446 687 3528 quies
711 3447 795 3524 ierit,
820 3446 969 3512 fuscatur
994 3449 1027 3511 et
1051 3450 1157 3512 atram

218 3558 224 3613 :
350 3553 496 3616 Vertitur
512 3554 547 3616 in
564 3554 710 3617 scabiem
726 3554 893 3637 celerique
911 3553 1095 3618 absumitur
1109 3558 1221 3619 aevo.“
1237 3591 1280 3600 -

306 3660 459 3725 Alterum
484 3663 534 3724 est
557 3661 672 3739 otium,
698 3680 764 3744 quo
781 3663 912 3725 animus
929 3682 948 3725 a
965 3661 1107 3743 negotiis
1124 3660 1279 3726 civilibus

304 3768 347 3831 ad
371 3766 555 3850 sapientiae
580 3767 689 3831 studia
713 3769 745 3831 et
761 3768 1075 3851 contemplationem
1092 3768 1278 3833 abducitur.

305 3875 346 3938 Et
369 3876 431 3938 hoc
455 3894 535 3938 sane
560 3866 749 3955 prloxotdv,
780 3874 973 3953 litteratum,
1002 3895 1181 3958 operosum
1203 3876 1281 3960 pul-

305 3982 573 4064 cherrimumque
606 3983 641 4046 et
669 4001 769 4065 super
798 3983 909 4046 omnia
933 3982 1098 4047 laudabile
1122 3986 1184 4047 est.
1232 3984 1280 4047 De

216 4090 258 4154 35
305 4109 370 4171 quo
387 4088 554 4172 Tolliusl)
576 4090 610 4154 in
627 4089 744 4174 quinto
761 4090 1026 4155 Tusculanarum
1043 4088 1280 4171 quaestionum

305 4197 390 4261 libro
415 4197 476 4262 ait:
508 4196 617 4277 „Quid
640 4199 690 4261 est
713 4199 803 4262 enim
827 4197 956 4262 dulcius
980 4196 1048 4263 otio
1072 4196 1277 4263 litterario?“
