2632 4718
647 85 684 118 '·l

657 112 662 139 )
733 121 774 127 ...-

201 266 267 322 thn·
295 262 457 340 l'lroelrns,
483 261 580 331 nosti,
606 281 663 322 cnr
688 266 860 323 menstrua
888 261 980 322 Luna
1005 261 1142 335 lalmret,

149 370 150 374 ’
246 367 334 443 Quid
357 370 493 447 generet
518 370 644 447 ventos,
670 387 756 448 quac
780 366 823 429 sit
847 368 938 447 origo
964 365 1058 428 nivis.

201 474 272 537 Scis
296 473 407 552 etiam,
432 493 499 554 qua
522 473 553 537 vi
577 474 677 537 tellus
701 472 825 556 agitata
848 473 1030 540 tremiscat.

134 581 176 645 50
246 580 391 662 Euripus
415 581 537 645 totiens
561 599 620 642 cur
643 580 726 644 lluat
750 583 785 644 et
808 580 940 644 refluat.

202 686 309 765 Nosti,
334 706 400 768 qua
423 685 550 750 serrum
574 687 707 768 Magnes
731 686 763 749 vi
786 685 957 768 pertrahat
981 686 1023 748 ad
1047 706 1083 749 sc

247 794 288 857 nt
311 793 474 875 quidquid
500 792 614 876 populi
639 791 764 858 lumina
788 811 887 858 caeca
911 793 998 856 latet.

202 900 366 976 Quocirca
391 899 510 964 merito
534 902 604 962 tolo
628 902 661 963 le
686 899 786 963 corde
809 900 950 965 sitimus

247 1005 352 1070 Arida
375 1005 468 1069 sonte
491 1009 549 1069 tuo
573 1007 709 1088 pectora
732 1010 846 1070 nostra
870 1005 956 1087 riga!

202 1112 346 1177 Assidno
369 1111 522 1194 quamvis
548 1113 662 1176 dulces
685 1110 841 1176 effuderis
864 1113 982 1188 undas,

247 1220 316 1283 Nec
338 1222 375 1284 tu
400 1217 545 1298 deficies
569 1218 801 1283 neo'saliabor
825 1238 893 1300 eg0.

561 1433 774 1442 *—

641 1611 694 1674 Vl.

190 1766 250 1836 De
273 1767 401 1837 tribus
425 1765 630 1836 rationalis
653 1764 931 1855 philosophiae
953 1765 1147 1854 portibus.

160 1949 174 2009 1
203 1946 310 2024 Salve,
334 1942 556 2027 grammatice,
580 1943 718 2026 sophiae
740 1941 901 2008 fidissima
925 1947 1052 2018 custos¹

248 2053 289 2115 Et
313 2051 542 2116 doctrinarum
567 2049 678 2114 nobile
702 2049 923 2131 principium!

203 2158 250 2221 Te
275 2155 348 2220 sinc
374 2157 420 2219 nil
445 2157 551 2220 altum
575 2175 668 2219 mens
693 2155 838 2229 inchoat,
863 2159 897 2220 ct
921 2155 993 2220 sine
1017 2157 1118 2221 ductu

248 2264 355 2327 Nemo
379 2265 436 2326 tuo
461 2261 604 2344 sapiens,
629 2282 726 2326 nemo
751 2262 894 2326 disertus
919 2262 992 2326 crit.

89 2412 94 2421 ·
159 2375 177 2434 5
203 2370 435 2434 Fundamenta
458 2369 547 2440 iacis,
573 2388 684 2433 sacras
708 2369 829 2450 quibus
854 2371 995 2433 exstruit
1020 2375 1120 2449 artos,

250 2476 315 2553 Qui
340 2475 433 2556 cupit
458 2475 491 2537 in
517 2474 611 2538 dirae
637 2475 791 2539 Pallados
815 2475 864 2538 ire
888 2475 1007 2539 sinum.

207 2582 305 2647 Utilis
330 2602 365 2645 es
390 2582 513 2663 pueris,
538 2581 675 2645 senibus
700 2582 853 2657 incunda,
880 2583 1021 2646 recludis

248 2688 410 2752 Castalios
436 2688 544 2752 toules
570 2687 786 2770 Pieriumque
811 2709 937 2753 nemus¹

203 2795 426 2877 Consequitur
451 2794 547 2858 rultu
571 2797 605 2857 tc
630 2794 837 2858 formidanda
861 2815 978 2858 severo

139 2905 179 2966 10
247 2900 432 2984 Gymnasiis
457 2901 592 2965 Graium
617 2900 793 2964 nobilitata
817 2921 921 2980 soror,

204 3013 390 3072 Secernens
414 3007 499 3070 reris
523 3006 612 3088 vigili
637 3008 810 3071 mendacia
834 3028 924 3086 cura,

247 3115 356 3191 Quam
381 3113 499 3178 merito
524 3113 649 3192 logicen
674 3113 786 3178 Attica
810 3115 923 3195 lingua
946 3119 1051 3178 vocat.

210 3221 281 3285 Hac
306 3219 379 3283 sine
404 3221 460 3301 qui
486 3221 644 3301 graditur,
670 3221 773 3284 multo
797 3222 916 3284 sudore
942 3222 1069 3286 laborat

249 3326 481 3408 lt'eqnicquam
506 3325 656 3407 sophiam
683 3346 744 3390 nec
767 3331 945 3408 penetrare
969 3331 1089 3409 potest,

141 3436 179 3499 15
205 3434 272 3497 S'ed
297 3434 364 3496 ruit
388 3434 421 3497 in
447 3433 604 3496 tenebras
629 3433 941 3515 miserabilibusqne
966 3435 1080 3515 fatigat

249 3539 375 3602 Erratis
400 3539 547 3604 animum
574 3538 705 3620 longius
728 3538 821 3620 itque
847 3543 945 3603 retro,

205 3647 296 3710 Haec
320 3645 373 3707 ria
397 3646 583 3710 eornmunis
609 3647 782 3710 methodos
805 3647 962 3728 pertingit
987 3648 1029 3710 ad
1053 3667 1180 3726 omnes,
