2632 4718
127 980 191 1051 Ad
218 979 607 1070 praestantissimum
636 978 899 1068 ingenuarum
935 979 1081 1050 artium
1112 998 1194 1050 ma·

199 1087 367 1177 gistrum
388 1086 580 1156 Ioannem
602 1085 984 1168 Ruremundensem,
1008 1086 1126 1176 vulgo

363 1190 585 1278 Woltskelff)
610 1191 949 1281 cognominatum.

154 1377 169 1437 l
197 1374 273 1439 Non
296 1375 328 1436 te
353 1371 490 1437 donarit
512 1391 591 1437 vero
615 1371 811 1454 cognomine
835 1373 949 1449 satum,

241 1479 356 1544 Dulcis
378 1478 530 1556 Ioannes
554 1497 688 1560 semper
712 1480 852 1543 amande
877 1479 968 1543 mihi.

196 1588 364 1651 Musarum
388 1584 518 1662 studiis,
543 1583 653 1667 patria
676 1584 909 1665 coniungimur
933 1604 1010 1665 una,

241 1692 380 1757 Accedit
403 1694 517 1774 gratae
541 1710 664 1756 munus
687 1690 862 1756 amicitiae.

153 1800 173 1862 5
198 1797 308 1863 Audio
333 1798 507 1881 tornigus
530 1801 645 1880 guttur
669 1799 815 1863 vocitare
839 1797 1001 1880 lupinum,

241 1904 289 1968 Ex
314 1925 349 1969 re
372 1924 554 1985 cognomen
579 1924 647 1969 non
670 1905 785 1968 tamen
808 1903 898 1969 istud
922 1904 1035 1973 habes

198 2013 344 2076 Prandia
368 2012 459 2076 nulla
482 2031 603 2075 canum
626 2011 743 2075 laudas
768 2013 803 2074 et
827 2011 919 2075 nulla
942 2011 1104 2093 lnporum

244 2119 314 2182 Nec
336 2118 484 2200 pretinm
508 2118 586 2182 rino
610 2123 644 2182 te
669 2118 801 2181 sitiente
825 2117 922 2198 perit.

198 2225 273 2288 Non
299 2227 331 2288 te
355 2245 432 2305 grex
455 2224 567 2288 orium
593 2225 721 2306 fugitat,
746 2244 811 2288 non
836 2224 973 2305 aepolns
997 2224 1077 2303 odit,

134 2332 176 2394 10
244 2331 313 2394 Nec
337 2334 416 2394 sunt
440 2335 530 2412 grata
554 2332 631 2394 tuae
656 2330 784 2394 viscera
807 2331 910 2393 cruda
934 2331 1039 2412 gulae.

202 2437 302 2501 Hand
326 2437 443 2501 adimis
468 2457 591 2512 rocem,
617 2457 717 2519 (luem
740 2436 863 2500 rideris
888 2436 958 2518 ipse
981 2436 1081 2519 prior,
1107 2457 1168 2501 nec

246 2544 402 2624 Exspirat
426 2545 530 2608 nitido
554 2563 686 2607 crassus
710 2545 751 2607 ab
775 2563 831 2607 ore
855 2563 966 2626 vapor.

198 2651 246 2714 Te
271 2651 366 2732 plebs
390 2651 497 2714 omnis
521 2653 620 2732 amat,
643 2652 676 2714 te
700 2652 813 2731 pastor
838 2650 943 2731 diligit
967 2650 1084 2725 omnis,

243 2757 309 2820 Luc
333 2757 393 2820 tibi
419 2756 637 2839 suppeditant
662 2756 879 2838 lanitiumqne
903 2777 1027 2838 greges,

135 2867 173 2926 lo
199 2862 322 2927 Musica
348 2884 422 2927 cnm
448 2863 556 2944 digitis
581 2863 728 2928 sonitum
754 2864 833 2926 dant
858 2884 981 2945 organa
1005 2862 1123 2938 deictis,

248 2970 418 3033 Exhilaras
443 2971 603 3051 populum
627 2955 853 3051 laetificasqne
878 2971 965 3033 (teos.

199 3075 315 3140 Dulcia
341 3077 543 3158 respondent
570 3077 694 3157 argutis
718 3077 865 3139 carmina
888 3075 1034 3158 plectris,

247 3183 284 3245 ln
310 3202 463 3264 superum
490 3183 604 3245 lnndrs
629 3184 662 3245 et
686 3181 741 3263 pia
765 3182 858 3246 lubra
882 3202 1003 3245 mores.

199 3288 393 3352 Cnndidntis
418 3292 562 3352 moestos
587 3289 712 3351 salibus
738 3289 885 3353 relevare
909 3289 1039 3351 sodales

134 3398 177 3459 20
244 3395 286 3458 Et
310 3394 431 3458 fidibus
455 3395 556 3458 calles
581 3395 704 3458 laetmn
729 3396 876 3458 animare
900 3396 1046 3458 chorum.

201 3501 345 3565 Castalio
369 3503 465 3583 potas
490 3502 589 3565 eiiam
615 3502 655 3564 de
680 3501 787 3580 ionte;
812 3521 950 3565 canoros

244 3608 456 3690 Cornponens
480 3627 634 3670 numeros
659 3609 772 3672 laurea
796 3613 885 3671 serta
909 3607 1006 3688 geris.

201 3716 390 3796 Propterea,
416 3715 567 3796 quisquis
592 3716 726 3779 (lecerat
750 3716 945 3795 cognomine
969 3715 1067 3791 insto,

245 3822 367 3884 (initur
391 3823 556 3886 olorinnrn
581 3826 613 3885 te
638 3822 709 3886 sine
734 3822 808 3885 selle
832 3823 935 3885 vocat.
