2632 4718
453 582 675 649 ,53-

120 759 198 825 Non
234 759 288 823 est
324 759 442 842 dignus
476 759 632 839 scientia,
671 762 728 843 qui
764 761 922 828 scientiae
955 762 1094 846 insurgit

118 865 343 949 praeceptori.
368 868 545 933 Studiosus
569 867 753 950 discipulus
775 870 919 934 venienti
937 870 1094 953 magistro

118 976 283 1056 assurgat,
307 978 408 1055 caput
432 973 569 1040 inclinet
593 979 626 1039 et
649 976 817 1058 loquentis
840 977 941 1042 rerba
966 997 1095 1043 summa

27 1081 73 1147 50
119 1080 308 1146 attentione
322 1081 474 1163 excipiat.
500 1082 595 1156 Nam,
614 1085 650 1146 ut
665 1083 794 1148 Plinius
809 1082 953 1168 iunior⁵)
970 1085 1094 1167 optime

120 1187 220 1264 dicit,
253 1187 401 1270 „legendi
430 1208 562 1272 semper
591 1190 720 1256 occasio
743 1193 809 1266 est,
838 1190 994 1255 audiendi
1027 1210 1095 1256 non

120 1300 285 1377 semper.“
319 1295 497 1360 Praeterea
520 1297 624 1362 multo
648 1296 760 1379 magis,
785 1300 822 1361 ut
846 1299 942 1379 vulgo
967 1297 1094 1379 dicitur,

118 1403 195 1466 vira
219 1421 282 1465 vox
306 1400 417 1467 allicit.
444 1402 528 1467 Nam
552 1404 628 1468 licet
644 1403 771 1468 acriora
788 1405 866 1472 sint.
892 1424 977 1487 quae
995 1405 1094 1487 legas,

119 1509 221 1573 altius
244 1512 357 1573 tamen
381 1508 416 1573 in
438 1511 549 1575 animo
574 1511 708 1581 sedent,
739 1530 824 1592 quae
852 1512 1094 1593 pronunciati0‚

27 1616 71 1681 55
121 1616 246 1691 vultus,
270 1616 415 1692 habitus,
439 1619 553 1698 gestus
578 1617 677 1681 etiam
704 1616 843 1682 dicentis
866 1616 978 1698 attigit.
1010 1619 1094 1682 bler-

120 1723 271 1788 cedulam
289 1723 369 1786 item
386 1723 565 1805 magisterii
578 1724 851 1807 praeceptoribus
865 1726 1095 1806 unusquisque

118 1849 182 1912 pro
205 1829 365 1894 facultate
388 1850 449 1894 sua
472 1830 652 1896 liberaliter
673 1832 829 1897 exsolvat.
856 1832 905 1896 Ita
921 1833 1009 1895 enim
1027 1832 1093 1913 liet,

120 1939 158 2001 ut
191 1936 309 2001 maiori
345 1937 515 2019 diligentia
550 1939 691 2003 doceant
726 1941 760 2002 et
795 1937 950 2021 praemiis
983 1939 1094 2003 allecti

120 2044 248 2109 nullum
272 2045 418 2109 laborem
445 2044 695 2127 subterfugiant.
722 2045 764 2111 Ut
789 2045 876 2110 enim
900 2045 1057 2109 Martialis
1067 2045 1095 2131 ⁶)

26 2153 73 2217 60
119 2151 177 2227 ait,
203 2187 244 2198 -

124 2259 183 2338 „In
208 2257 338 2322 steriles
362 2276 497 2340 campos
522 2258 639 2323 nolunt
662 2259 739 2342 iuga
762 2257 848 2323 ferre
871 2257 1012 2340 iuvenci,

167 2364 291 2449 Pingue
316 2365 425 2430 solum
450 2365 561 2445 lassat,
586 2367 645 2430 sed
667 2366 759 2430 iuvat
781 2365 854 2448 ipse
880 2366 1003 2431 labor.“

529 2525 586 2589 XX

100 2650 251 2745 Quales
274 2649 397 2720 libros
420 2649 683 2720 scholasticus
706 2648 854 2719 habere
878 2648 1031 2719 debeat.

53 2781 68 2842 l
122 2776 300 2842 Librorum
317 2776 413 2859 copia
429 2776 579 2842 studioso
596 2775 721 2840 homini
740 2776 924 2840 necessaria
937 2779 987 2839 est
1001 2777 1094 2855 adeo,

121 2888 160 2949 nt
183 2886 272 2966 apud
297 2885 472 2949 Horatium
482 2884 508 2968 ¹)
533 2883 605 2948 eius
630 2884 721 2967 optio
744 2884 836 2965 prior
861 2882 970 2959 suerit,
995 2903 1095 2964 quam

122 3012 285 3057 annonae.
304 2993 359 3056 Sic
372 2992 460 3056 enim
469 2992 674 3074 aitinprimo
685 2991 899 3072 epistolarum
910 2991 1094 3055 volumine:

170 3099 241 3178 „Sit
264 3099 352 3163 bona
375 3099 536 3163 librorum
561 3101 594 3162 et
617 3099 770 3179 provisae
794 3097 896 3179 frugis
919 3097 954 3161 in
971 3118 1096 3161 annum

52 3207 74 3270 5
168 3204 282 3289 Copia,
306 3225 348 3269 ne
372 3205 503 3269 fluitem
527 3204 648 3269 dubiae
678 3223 738 3286 spe
766 3205 933 3286 pendulus
962 3205 1092 3268 burae.“

122 3313 300 3377 Memoriae
330 3312 525 3376 mandatum
559 3313 625 3388 est,
654 3312 827 3376 Platonem
858 3315 926 3376 tres
956 3310 1095 3374 Philolai

124 3419 320 3501 Pythagorei
350 3419 453 3483 libros
482 3419 597 3483 decem
627 3419 775 3483 millibus
805 3418 976 3481 denarium
1009 3436 1095 3480 mer-

123 3529 232 3591 catum
258 3525 370 3591 fuisse.
395 3525 610 3592 Aristotelem
628 3546 773 3609 quoque,
798 3525 967 3599 traditum,
992 3524 1095 3589 libros

123 3633 283 3716 pauculos
315 3634 498 3715 Speusippi
529 3633 719 3715 philosophi
750 3637 827 3717 post
860 3635 999 3696 mortem
1024 3631 1095 3693 eius

35 3745 78 3808 10
121 3740 242 3805 emisse
279 3741 415 3805 talentis
451 3739 570 3804 Atticis
607 3740 724 3804 tribus.
777 3739 876 3804 Picus
908 3737 1094 3802 Mirandula

123 3851 250 3931 septem
275 3868 451 3914 aureorum
477 3855 648 3912 nummum
674 3847 778 3912 millia
806 3847 841 3910 in
864 3844 1094 3927 comparandis

123 3956 217 4021 libris
247 3976 400 4038 erogasse
428 3955 634 4038 perhibetur.
691 3956 797 4019 Recte
831 3956 930 4034 poeta
958 3951 1094 4033 quidam

123 4067 256 4130 nostrae
280 4064 396 4129 aetatis
420 4063 636 4145 bibliopolam
660 4063 708 4126 sic
732 4062 925 4143 loquentem
949 4058 1045 4122 iacit:

125 4171 211 4251 „Cur
235 4171 342 4236 emitis
366 4190 521 4253 gemmas,
546 4172 627 4234 haec
651 4173 702 4234 est
726 4169 874 4250 pretiosa
897 4164 1071 4247 suppelex,

36 4279 77 4344 15
166 4278 232 4358 Qui
256 4282 354 4360 negat
376 4279 448 4362 hoc,
472 4297 568 4343 veros
591 4296 659 4341 non
682 4277 784 4342 habet
806 4275 862 4340 ille
887 4274 1031 4338 oculos“
