2632 4718
627 558 847 624 ..13-

205 738 329 805 artium
365 739 399 804 et
433 738 598 804 virtutum
632 735 773 802 studiosi
807 735 903 815 estis
946 737 984 800 ut
1017 735 1128 801 minus
1163 735 1270 803 doctis

203 848 381 929 minusque
412 845 533 928 peritis
564 864 697 928 semper
731 843 894 909 doctiores
926 862 964 907 ac
991 842 1170 924 peritiores
1198 864 1269 912 ma-

204 953 323 1036 gistros
358 951 571 1036 anteponatis
606 951 777 1035 magisque
812 970 871 1016 vos
909 949 1050 1015 tradatis
1089 950 1270 1034 diligenter

204 1059 428 1127 instituendos
452 1059 510 1137 eis
535 1060 604 1142 qui,
627 1057 813 1141 impensius
836 1056 998 1140 perfectui
1022 1061 1144 1126 vestro.
1169 1078 1270 1142 quam

204 1166 358 1250 quaestui
381 1187 442 1232 suo
466 1166 602 1244 intenti,
638 1165 810 1231 moderata
841 1163 1016 1230 severitate
1045 1186 1104 1230 vos
1132 1186 1151 1230 a
1179 1166 1270 1231 uitiis

205 1274 408 1348 deterreant,
433 1292 534 1356 quam
549 1273 626 1351 illis,
650 1274 707 1355 qui
725 1272 828 1337 nimia
845 1271 1061 1355 indulgentia.
1086 1273 1271 1339 eliciendae

206 1381 370 1464 pecuniae
393 1382 508 1463 gratia,
532 1380 703 1446 vobiscum
734 1398 834 1462 saepe
859 1382 1087 1462 computantes
1111 1379 1271 1445 contabu-

206 1488 355 1553 lantesve
373 1487 532 1554 dissolute
548 1487 682 1553 vivendi
700 1486 867 1552 licentiam
880 1487 1127 1569 imprudentiae
1138 1486 1271 1554 restrae

207 1596 417 1677 permittant.
464 1594 539 1673 Quo
570 1594 671 1678 igitur
701 1593 830 1660 facilius
859 1594 1021 1677 ingenuos
1050 1598 1083 1659 et
1106 1595 1272 1662 humanos

207 1705 442 1785 praeceptores
473 1702 679 1786 cognoscatis
707 1703 923 1785 cognitosque
951 1701 1042 1766 omni
1066 1702 1178 1767 studio
1201 1723 1272 1769 am·

206 1808 415 1892 plectamini,
445 1810 535 1874 huuc
563 1808 826 1892 epigrammaton
855 1808 975 1874 librum
1000 1829 1100 1892 super
1124 1810 1273 1892 magistri

209 1919 242 1981 et
266 1915 505 1999 discipulorum
532 1915 650 1981 officiis
680 1917 893 1981 lucubratum
924 1917 1019 1982 vohis
1048 1917 1137 1995 dicu,
1171 1938 1272 2000 quern

208 2023 308 2088 velim
333 2022 601 2108 aequibonique
625 2024 816 2088 consulatis.
855 2023 924 2088 Nos
948 2025 1036 2088 enim
1061 2045 1121 2108 pro
1144 2024 1273 2091 viribus

209 2130 251 2195 ad
275 2129 386 2195 studia
414 2132 526 2194 restra
555 2130 700 2194 iuvanda
728 2129 873 2194 nitemur
903 2134 936 2195 et
960 2135 1087 2197 aestate
1112 2132 1273 2214 proxima,

210 2237 237 2301 si
262 2237 344 2301 deus
367 2237 472 2319 gralia
495 2257 556 2301 sua
579 2237 736 2302 instituto
760 2240 874 2301 nostro
898 2238 1104 2319 aspiraverit,
1128 2238 1163 2303 in
1187 2240 1274 2304 cele-

209 2343 355 2409 berrima
389 2345 489 2409 huius
525 2344 726 2409 clarissimae
767 2344 858 2408 urbis
893 2346 1006 2411 schola
1039 2345 1274 2428 profitebimur

210 2450 390 2517 ordinariis
422 2450 513 2515 horis
544 2452 628 2515 duos
663 2451 765 2516 libros
799 2472 986 2517 sermonum
1021 2453 1165 2530 Horatii,
1201 2454 1275 2520 eius

211 2562 314 2623 artem
340 2557 521 2642 poeticam,
553 2560 694 2642 primum
726 2561 757 2623 et
787 2560 971 2624 secundum
997 2560 1098 2625 libros
1123 2562 1275 2626 consola-

212 2665 312 2731 tionis
328 2664 446 2739 Boetii,
464 2666 625 2749 quasdam
643 2666 742 2731 Plinii
758 2667 898 2731 iunioris
915 2668 1083 2750 epistolas,
1101 2668 1275 2734 dialectica

212 2772 440 2855 Trapezuntii,
470 2773 593 2838 librum
624 2775 665 2838 de
694 2775 844 2857 quinque
875 2775 1107 2839 communibus
1138 2777 1276 2841 vocibus

213 2879 389 2963 Porphyrii
406 2883 439 2945 et
456 2879 576 2945 librum
593 2882 707 2945 decem
724 2882 1072 2962 praedicamentorum
1084 2882 1276 2948 Aristotelis

213 2987 255 3053 ab
283 2987 489 3071 Argyropolo
517 2988 769 3070 interpretatos3
809 2991 902 3053 extra
930 2991 1083 3054 ordinem
1114 3009 1191 3054 vero
1219 3010 1277 3056 sex

214 3094 316 3160 libros
340 3094 516 3160 Fastorum
540 3094 649 3160 Ouidii
678 3096 820 3160 utilitate
851 3097 977 3179 pariter
1001 3096 1276 3181 iucunditateque

213 3202 436 3285 praestabiles
452 3207 486 3267 et
498 3201 758 3267 eruditissimam
771 3203 926 3268 Politiani
940 3205 1076 3287 sylvam,
1093 3205 1146 3270 cui
1159 3206 1277 3271 titulus

215 3311 266 3374 est
289 3309 440 3374 Rustico.
466 3310 589 3375 Valete.
614 3347 657 3355 —

303 3417 511 3495 Mouasterii‚
554 3437 642 3482 anuo
677 3418 793 3482 salutis
829 3423 962 3484 nostrae
997 3419 1105 3499 MDX,
1149 3421 1278 3487 decimo

215 3527 334 3607 quarto
358 3524 526 3589 Kalendas
550 3523 757 3589 Novembris.
