<?xml version="1.0" encoding="UTF-8"?>
<!DOCTYPE html PUBLIC "-//W3C//DTD XHTML 1.0 Transitional//EN"
    "http://www.w3.org/TR/xhtml1/DTD/xhtml1-transitional.dtd">
<html xmlns="http://www.w3.org/1999/xhtml" xml:lang="en" lang="en">
 <head>
  <title>
</title>
<meta http-equiv="Content-Type" content="text/html;charset=utf-8" />
  <meta name='ocr-system' content='tesseract 3.04.00' />
  <meta name='ocr-capabilities' content='ocr_page ocr_carea ocr_par ocr_line ocrx_word'/>
</head>
<body>
  <div class='ocr_page' id='page_1' title='image "./ausgewhltewerke00bmgoog_0065.png"; bbox 0 0 2632 4718; ppageno 0'>
   <div class='ocr_carea' id='block_1_1' title="bbox 620 579 841 645">
    <p class='ocr_par' dir='ltr' id='par_1_1' title="bbox 620 579 841 645">
     <span class='ocr_line' id='line_1_1' title="bbox 620 579 841 645; baseline 0 -21"><span class='ocrx_word' id='word_1_1' title='bbox 620 579 841 645; x_wconf 65' lang='lat'>..12-</span> 
     </span>
    </p>
   </div>
   <div class='ocr_carea' id='block_1_2' title="bbox 118 753 1262 3940">
    <p class='ocr_par' dir='ltr' id='par_1_2' title="bbox 201 753 1262 927">
     <span class='ocr_line' id='line_1_2' title="bbox 289 753 1262 836; baseline 0 -16"><span class='ocrx_word' id='word_1_2' title='bbox 289 754 349 820; x_wconf 91' lang='lat' dir='ltr'>Die</span> <span class='ocrx_word' id='word_1_3' title='bbox 372 754 519 820; x_wconf 89' lang='lat' dir='ltr'>Vorrede</span> <span class='ocrx_word' id='word_1_4' title='bbox 555 754 615 820; x_wconf 89' lang='lat' dir='ltr'>des</span> <span class='ocrx_word' id='word_1_5' title='bbox 649 754 770 820; x_wconf 90' lang='lat' dir='ltr'>Petrus</span> <span class='ocrx_word' id='word_1_6' title='bbox 803 753 992 820; x_wconf 90' lang='lat' dir='ltr'>Nehemeus</span> <span class='ocrx_word' id='word_1_7' title='bbox 1021 755 1103 836; x_wconf 83' lang='lat' dir='ltr'>gebe</span> <span class='ocrx_word' id='word_1_8' title='bbox 1134 753 1189 820; x_wconf 92' lang='lat' dir='ltr'>ich</span> <span class='ocrx_word' id='word_1_9' title='bbox 1218 773 1262 820; x_wconf 86' lang='lat' dir='ltr'>an</span> 
     </span>
     <span class='ocr_line' id='line_1_3' title="bbox 201 861 601 927; baseline 0.005 -2"><span class='ocrx_word' id='word_1_10' title='bbox 201 862 309 926; x_wconf 86' lang='lat' dir='ltr'>dieser</span> <span class='ocrx_word' id='word_1_11' title='bbox 332 861 437 927; x_wconf 83' lang='lat' dir='ltr'>Stelle</span> <span class='ocrx_word' id='word_1_12' title='bbox 461 861 601 927; x_wconf 86' lang='lat' dir='ltr'>wieder:</span> 
     </span>
    </p>

    <p class='ocr_par' dir='ltr' id='par_1_3' title="bbox 201 966 1261 1157">
     <span class='ocr_line' id='line_1_4' title="bbox 291 966 1261 1050; baseline 0.002 -18"><span class='ocrx_word' id='word_1_13' title='bbox 291 966 502 1047; x_wconf 83' lang='lat' dir='ltr'>„Clarissimo</span> <span class='ocrx_word' id='word_1_14' title='bbox 516 969 618 1050; x_wconf 85' lang='lat' dir='ltr'>atque</span> <span class='ocrx_word' id='word_1_15' title='bbox 634 966 845 1033; x_wconf 90' lang='lat' dir='ltr'>ornatissimo</span> <span class='ocrx_word' id='word_1_16' title='bbox 858 967 929 1034; x_wconf 90' lang='lat' dir='ltr'>viro</span> <span class='ocrx_word' id='word_1_17' title='bbox 943 969 1061 1033; x_wconf 82' lang='lat' dir='ltr'>loanni</span> <span class='ocrx_word' id='word_1_18' title='bbox 1073 967 1261 1034; x_wconf 89' lang='lat' dir='ltr'>Murmellio</span> 
     </span>
     <span class='ocr_line' id='line_1_5' title="bbox 201 1074 1261 1157; baseline 0.002 -19"><span class='ocrx_word' id='word_1_19' title='bbox 201 1074 489 1153; x_wconf 85' lang='lat' dir='ltr'>Ruremundeusi,</span> <span class='ocrx_word' id='word_1_20' title='bbox 521 1075 744 1140; x_wconf 88' lang='lat' dir='ltr'>humanarum</span> <span class='ocrx_word' id='word_1_21' title='bbox 767 1074 889 1140; x_wconf 89' lang='lat' dir='ltr'>artium</span> <span class='ocrx_word' id='word_1_22' title='bbox 911 1075 1109 1157; x_wconf 84' lang='lat' dir='ltr'>professori,</span> <span class='ocrx_word' id='word_1_23' title='bbox 1140 1075 1261 1140; x_wconf 89' lang='lat' dir='ltr'>Petrus</span> 
     </span>
    </p>

    <p class='ocr_par' dir='ltr' id='par_1_4' title="bbox 118 1180 1000 1264">
     <span class='ocr_line' id='line_1_6' title="bbox 118 1180 1000 1264; baseline 0.001 -19"><span class='ocrx_word' id='word_1_24' title='bbox 118 1194 120 1199; x_wconf 86' lang='grc'><strong><em>·</em></strong></span> <span class='ocrx_word' id='word_1_25' title='bbox 201 1181 393 1246; x_wconf 90' lang='lat' dir='ltr'>Nehemeus</span> <span class='ocrx_word' id='word_1_26' title='bbox 417 1180 632 1264; x_wconf 87' lang='lat' dir='ltr'>Drolshagius</span> <span class='ocrx_word' id='word_1_27' title='bbox 656 1181 808 1247; x_wconf 81' lang='lat' dir='ltr'>Salutem</span> <span class='ocrx_word' id='word_1_28' title='bbox 832 1181 868 1246; x_wconf 90' lang='lat' dir='ltr'>P.</span> <span class='ocrx_word' id='word_1_29' title='bbox 893 1181 931 1246; x_wconf 90' lang='lat' dir='ltr'>D.</span> <span class='ocrx_word' id='word_1_30' title='bbox 956 1217 1000 1228; x_wconf 94' lang='lat'><em>-</em></span> 
     </span>
    </p>

    <p class='ocr_par' dir='ltr' id='par_1_5' title="bbox 200 1285 1262 3940">
     <span class='ocr_line' id='line_1_7' title="bbox 289 1285 1262 1370; baseline 0.004 -19"><span class='ocrx_word' id='word_1_31' title='bbox 289 1285 368 1368; x_wconf 83' lang='lat' dir='ltr'>Legi</span> <span class='ocrx_word' id='word_1_32' title='bbox 390 1306 450 1369; x_wconf 89' lang='lat' dir='ltr'>ego</span> <span class='ocrx_word' id='word_1_33' title='bbox 474 1307 541 1352; x_wconf 90' lang='lat' dir='ltr'>non</span> <span class='ocrx_word' id='word_1_34' title='bbox 571 1286 643 1352; x_wconf 94' lang='lat' dir='ltr'>sine</span> <span class='ocrx_word' id='word_1_35' title='bbox 671 1307 790 1370; x_wconf 86' lang='lat' dir='ltr'>magna</span> <span class='ocrx_word' id='word_1_36' title='bbox 817 1287 989 1370; x_wconf 83' lang='lat' dir='ltr'>voluptate</span> <span class='ocrx_word' id='word_1_37' title='bbox 1017 1287 1179 1370; x_wconf 88' lang='lat' dir='ltr'>opuscula</span> <span class='ocrx_word' id='word_1_38' title='bbox 1202 1290 1262 1355; x_wconf 87' lang='lat' dir='ltr'>tua</span> 
     </span>
     <span class='ocr_line' id='line_1_8' title="bbox 200 1393 1262 1478; baseline 0.002 -20"><span class='ocrx_word' id='word_1_39' title='bbox 200 1394 243 1459; x_wconf 88' lang='lat' dir='ltr'>ad</span> <span class='ocrx_word' id='word_1_40' title='bbox 269 1413 323 1458; x_wconf 89' lang='lat' dir='ltr'>me</span> <span class='ocrx_word' id='word_1_41' title='bbox 352 1394 468 1475; x_wconf 88' lang='lat' dir='ltr'>missa,</span> <span class='ocrx_word' id='word_1_42' title='bbox 501 1393 691 1460; x_wconf 84' lang='lat' dir='ltr'>dulcissime</span> <span class='ocrx_word' id='word_1_43' title='bbox 721 1396 881 1474; x_wconf 85' lang='lat' dir='ltr'>loannes,</span> <span class='ocrx_word' id='word_1_44' title='bbox 920 1414 1005 1478; x_wconf 88' lang='lat' dir='ltr'>quae</span> <span class='ocrx_word' id='word_1_45' title='bbox 1041 1414 1117 1459; x_wconf 88' lang='lat' dir='ltr'>curn</span> <span class='ocrx_word' id='word_1_46' title='bbox 1150 1395 1262 1461; x_wconf 87' lang='lat' dir='ltr'>omnia</span> 
     </span>
     <span class='ocr_line' id='line_1_9' title="bbox 201 1499 1262 1584; baseline 0.002 -19"><span class='ocrx_word' id='word_1_47' title='bbox 201 1499 443 1565; x_wconf 81' lang='lat' dir='ltr'>candidissimis</span> <span class='ocrx_word' id='word_1_48' title='bbox 476 1500 739 1566; x_wconf 88' lang='lat' dir='ltr'>adolescentium</span> <span class='ocrx_word' id='word_1_49' title='bbox 769 1500 909 1584; x_wconf 91' lang='lat' dir='ltr'>ingeniis</span> <span class='ocrx_word' id='word_1_50' title='bbox 942 1501 1120 1567; x_wconf 87' lang='lat' dir='ltr'>utilissima</span> <span class='ocrx_word' id='word_1_51' title='bbox 1148 1502 1262 1567; x_wconf 89' lang='lat' dir='ltr'>futura</span> 
     </span>
     <span class='ocr_line' id='line_1_10' title="bbox 201 1607 1260 1689; baseline 0.001 -17"><span class='ocrx_word' id='word_1_52' title='bbox 201 1607 360 1684; x_wconf 85' lang='lat' dir='ltr'>existimo,</span> <span class='ocrx_word' id='word_1_53' title='bbox 384 1608 456 1672; x_wconf 92' lang='lat' dir='ltr'>tum</span> <span class='ocrx_word' id='word_1_54' title='bbox 479 1608 620 1673; x_wconf 84' lang='lat' dir='ltr'>maxime</span> <span class='ocrx_word' id='word_1_55' title='bbox 636 1607 854 1673; x_wconf 83' lang='lat' dir='ltr'>Euchiridion</span> <span class='ocrx_word' id='word_1_56' title='bbox 876 1608 959 1673; x_wconf 92' lang='lat' dir='ltr'>illud</span> <span class='ocrx_word' id='word_1_57' title='bbox 975 1607 1260 1689; x_wconf 90' lang='lat' dir='ltr'>scholasticorum,</span> 
     </span>
     <span class='ocr_line' id='line_1_11' title="bbox 201 1713 1261 1797; baseline 0.004 -20"><span class='ocrx_word' id='word_1_58' title='bbox 201 1733 267 1797; x_wconf 90' lang='lat' dir='ltr'>quo</span> <span class='ocrx_word' id='word_1_59' title='bbox 290 1713 440 1796; x_wconf 87' lang='lat' dir='ltr'>prolecto</span> <span class='ocrx_word' id='word_1_60' title='bbox 463 1733 530 1781; x_wconf 92' lang='lat' dir='ltr'>non</span> <span class='ocrx_word' id='word_1_61' title='bbox 552 1714 646 1797; x_wconf 88' lang='lat' dir='ltr'>parvi</span> <span class='ocrx_word' id='word_1_62' title='bbox 670 1715 943 1780; x_wconf 87' lang='lat' dir='ltr'>scholasticorum</span> <span class='ocrx_word' id='word_1_63' title='bbox 967 1715 1094 1780; x_wconf 82' lang='lat' dir='ltr'>fructus</span> <span class='ocrx_word' id='word_1_64' title='bbox 1115 1734 1261 1781; x_wconf 90' lang='lat' dir='ltr'>commo-</span> 
     </span>
     <span class='ocr_line' id='line_1_12' title="bbox 201 1820 1260 1906; baseline 0.003 -21"><span class='ocrx_word' id='word_1_65' title='bbox 201 1822 311 1904; x_wconf 87' lang='lat' dir='ltr'>daque</span> <span class='ocrx_word' id='word_1_66' title='bbox 334 1821 407 1904; x_wconf 90' lang='lat' dir='ltr'>(qui</span> <span class='ocrx_word' id='word_1_67' title='bbox 430 1821 528 1887; x_wconf 92' lang='lat' dir='ltr'>bonis</span> <span class='ocrx_word' id='word_1_68' title='bbox 551 1820 670 1888; x_wconf 84' lang='lat' dir='ltr'>officiis</span> <span class='ocrx_word' id='word_1_69' title='bbox 699 1822 900 1906; x_wconf 80' lang='lat' dir='ltr'>optimisque</span> <span class='ocrx_word' id='word_1_70' title='bbox 929 1821 1194 1888; x_wconf 87' lang='lat' dir='ltr'>institutionibus</span> <span class='ocrx_word' id='word_1_71' title='bbox 1218 1824 1260 1888; x_wconf 93' lang='lat' dir='ltr'>ad</span> 
     </span>
     <span class='ocr_line' id='line_1_13' title="bbox 201 1927 1259 2013; baseline 0.003 -22"><span class='ocrx_word' id='word_1_72' title='bbox 201 1928 312 1992; x_wconf 86' lang='lat' dir='ltr'>studia</span> <span class='ocrx_word' id='word_1_73' title='bbox 323 1928 487 1993; x_wconf 90' lang='lat' dir='ltr'>bonarum</span> <span class='ocrx_word' id='word_1_74' title='bbox 501 1929 621 1994; x_wconf 90' lang='lat' dir='ltr'>artium</span> <span class='ocrx_word' id='word_1_75' title='bbox 633 1927 800 1994; x_wconf 85' lang='lat' dir='ltr'>alliciendi</span> <span class='ocrx_word' id='word_1_76' title='bbox 814 1930 906 2013; x_wconf 88' lang='lat' dir='ltr'>sunt)</span> <span class='ocrx_word' id='word_1_77' title='bbox 919 1927 1080 1994; x_wconf 80' lang='lat' dir='ltr'>contineri</span> <span class='ocrx_word' id='word_1_78' title='bbox 1092 1929 1259 2012; x_wconf 84' lang='lat' dir='ltr'>perspexi,</span> 
     </span>
     <span class='ocr_line' id='line_1_14' title="bbox 200 2034 1258 2119; baseline 0.003 -21"><span class='ocrx_word' id='word_1_79' title='bbox 200 2035 283 2100; x_wconf 86' lang='lat' dir='ltr'>adeo</span> <span class='ocrx_word' id='word_1_80' title='bbox 306 2055 359 2099; x_wconf 91' lang='lat' dir='ltr'>me</span> <span class='ocrx_word' id='word_1_81' title='bbox 382 2035 491 2100; x_wconf 91' lang='lat' dir='ltr'>hercle</span> <span class='ocrx_word' id='word_1_82' title='bbox 514 2036 700 2118; x_wconf 86' lang='lat' dir='ltr'>praeclara,</span> <span class='ocrx_word' id='word_1_83' title='bbox 719 2038 756 2100; x_wconf 92' lang='lat' dir='ltr'>ut</span> <span class='ocrx_word' id='word_1_84' title='bbox 779 2035 831 2100; x_wconf 89' lang='lat' dir='ltr'>vel</span> <span class='ocrx_word' id='word_1_85' title='bbox 848 2034 981 2099; x_wconf 90' lang='lat' dir='ltr'>inimico</span> <span class='ocrx_word' id='word_1_86' title='bbox 997 2035 1106 2101; x_wconf 90' lang='lat' dir='ltr'>iudice</span> <span class='ocrx_word' id='word_1_87' title='bbox 1121 2037 1258 2119; x_wconf 92' lang='lat' dir='ltr'>probari</span> 
     </span>
     <span class='ocr_line' id='line_1_15' title="bbox 201 2141 1260 2227; baseline 0.003 -21"><span class='ocrx_word' id='word_1_88' title='bbox 201 2141 340 2227; x_wconf 91' lang='lat' dir='ltr'>possint.</span> <span class='ocrx_word' id='word_1_89' title='bbox 387 2142 495 2221; x_wconf 88' lang='lat' dir='ltr'>Quam</span> <span class='ocrx_word' id='word_1_90' title='bbox 518 2143 561 2208; x_wconf 95' lang='lat' dir='ltr'>ob</span> <span class='ocrx_word' id='word_1_91' title='bbox 589 2163 659 2208; x_wconf 92' lang='lat' dir='ltr'>rem</span> <span class='ocrx_word' id='word_1_92' title='bbox 687 2146 779 2207; x_wconf 88' lang='lat' dir='ltr'>ratus</span> <span class='ocrx_word' id='word_1_93' title='bbox 809 2143 962 2225; x_wconf 92' lang='lat' dir='ltr'>iniquum</span> <span class='ocrx_word' id='word_1_94' title='bbox 986 2142 1071 2224; x_wconf 88' lang='lat' dir='ltr'>fore,</span> <span class='ocrx_word' id='word_1_95' title='bbox 1106 2143 1141 2207; x_wconf 93' lang='lat' dir='ltr'>id</span> <span class='ocrx_word' id='word_1_96' title='bbox 1171 2142 1260 2209; x_wconf 89' lang='lat' dir='ltr'>domi</span> 
     </span>
     <span class='ocr_line' id='line_1_16' title="bbox 201 2249 1259 2332; baseline 0.001 -19"><span class='ocrx_word' id='word_1_97' title='bbox 201 2249 339 2315; x_wconf 87' lang='lat' dir='ltr'>taciturn</span> <span class='ocrx_word' id='word_1_98' title='bbox 362 2249 636 2332; x_wconf 91' lang='lat' dir='ltr'>reconditumque</span> <span class='ocrx_word' id='word_1_99' title='bbox 660 2269 801 2329; x_wconf 84' lang='lat' dir='ltr'>servare,</span> <span class='ocrx_word' id='word_1_100' title='bbox 825 2249 914 2332; x_wconf 91' lang='lat' dir='ltr'>quod</span> <span class='ocrx_word' id='word_1_101' title='bbox 930 2249 1088 2314; x_wconf 90' lang='lat' dir='ltr'>studiosis</span> <span class='ocrx_word' id='word_1_102' title='bbox 1104 2250 1259 2315; x_wconf 91' lang='lat' dir='ltr'>omnibus</span> 
     </span>
     <span class='ocr_line' id='line_1_17' title="bbox 202 2356 1259 2440; baseline 0 -19"><span class='ocrx_word' id='word_1_103' title='bbox 202 2359 239 2421; x_wconf 93' lang='lat' dir='ltr'>ut</span> <span class='ocrx_word' id='word_1_104' title='bbox 265 2356 496 2436; x_wconf 88' lang='lat' dir='ltr'>utilissimum,</span> <span class='ocrx_word' id='word_1_105' title='bbox 529 2357 576 2422; x_wconf 90' lang='lat' dir='ltr'>ita</span> <span class='ocrx_word' id='word_1_106' title='bbox 605 2358 638 2421; x_wconf 87' lang='lat' dir='ltr'>et</span> <span class='ocrx_word' id='word_1_107' title='bbox 666 2356 891 2440; x_wconf 85' lang='lat' dir='ltr'>gratissimum</span> <span class='ocrx_word' id='word_1_108' title='bbox 919 2358 1070 2423; x_wconf 88' lang='lat' dir='ltr'>futurum</span> <span class='ocrx_word' id='word_1_109' title='bbox 1093 2361 1192 2437; x_wconf 90' lang='lat' dir='ltr'>esset,</span> <span class='ocrx_word' id='word_1_110' title='bbox 1215 2394 1259 2405; x_wconf 94' lang='lat'><em>-</em></span> 
     </span>
     <span class='ocr_line' id='line_1_18' title="bbox 201 2462 1260 2546; baseline 0.001 -18"><span class='ocrx_word' id='word_1_111' title='bbox 201 2464 302 2529; x_wconf 91' lang='lat' dir='ltr'>statui</span> <span class='ocrx_word' id='word_1_112' title='bbox 325 2463 426 2546; x_wconf 89' lang='lat' dir='ltr'>igitur</span> <span class='ocrx_word' id='word_1_113' title='bbox 448 2462 542 2546; x_wconf 88' lang='lat' dir='ltr'>(licet</span> <span class='ocrx_word' id='word_1_114' title='bbox 565 2465 608 2528; x_wconf 94' lang='lat' dir='ltr'>ob</span> <span class='ocrx_word' id='word_1_115' title='bbox 629 2463 837 2546; x_wconf 89' lang='lat' dir='ltr'>impressoris</span> <span class='ocrx_word' id='word_1_116' title='bbox 854 2463 989 2529; x_wconf 91' lang='lat' dir='ltr'>nimiam</span> <span class='ocrx_word' id='word_1_117' title='bbox 1007 2463 1260 2546; x_wconf 90' lang='lat' dir='ltr'>occupationem</span> 
     </span>
     <span class='ocr_line' id='line_1_19' title="bbox 202 2571 1260 2656; baseline 0 -20"><span class='ocrx_word' id='word_1_118' title='bbox 202 2572 403 2656; x_wconf 83' lang='lat' dir='ltr'>distulerim)</span> <span class='ocrx_word' id='word_1_119' title='bbox 426 2573 581 2637; x_wconf 91' lang='lat' dir='ltr'>omnibus</span> <span class='ocrx_word' id='word_1_120' title='bbox 604 2571 761 2637; x_wconf 85' lang='lat' dir='ltr'>studiosis</span> <span class='ocrx_word' id='word_1_121' title='bbox 785 2572 964 2655; x_wconf 90' lang='lat' dir='ltr'>impartire,</span> <span class='ocrx_word' id='word_1_122' title='bbox 989 2571 1088 2654; x_wconf 91' lang='lat' dir='ltr'>quod,</span> <span class='ocrx_word' id='word_1_123' title='bbox 1118 2592 1194 2636; x_wconf 90' lang='lat' dir='ltr'>curn</span> <span class='ocrx_word' id='word_1_124' title='bbox 1218 2572 1260 2636; x_wconf 92' lang='lat' dir='ltr'>ad</span> 
     </span>
     <span class='ocr_line' id='line_1_20' title="bbox 201 2680 1260 2756; baseline -0.002 -11"><span class='ocrx_word' id='word_1_125' title='bbox 201 2700 298 2745; x_wconf 89' lang='lat' dir='ltr'>aures</span> <span class='ocrx_word' id='word_1_126' title='bbox 314 2680 550 2745; x_wconf 89' lang='lat' dir='ltr'>nonnullorum</span> <span class='ocrx_word' id='word_1_127' title='bbox 567 2680 713 2745; x_wconf 87' lang='lat' dir='ltr'>delatum</span> <span class='ocrx_word' id='word_1_128' title='bbox 729 2682 828 2756; x_wconf 90' lang='lat' dir='ltr'>esset,</span> <span class='ocrx_word' id='word_1_129' title='bbox 850 2681 1008 2745; x_wconf 92' lang='lat' dir='ltr'>continuo</span> <span class='ocrx_word' id='word_1_130' title='bbox 1024 2699 1077 2743; x_wconf 92' lang='lat' dir='ltr'>me</span> <span class='ocrx_word' id='word_1_131' title='bbox 1094 2680 1260 2745; x_wconf 86' lang='lat' dir='ltr'>exhortati</span> 
     </span>
     <span class='ocr_line' id='line_1_21' title="bbox 201 2785 1260 2869; baseline -0.001 -19"><span class='ocrx_word' id='word_1_132' title='bbox 201 2790 293 2866; x_wconf 92' lang='lat' dir='ltr'>sunt,</span> <span class='ocrx_word' id='word_1_133' title='bbox 325 2789 363 2852; x_wconf 93' lang='lat' dir='ltr'>ut</span> <span class='ocrx_word' id='word_1_134' title='bbox 392 2806 475 2868; x_wconf 91' lang='lat' dir='ltr'>opus</span> <span class='ocrx_word' id='word_1_135' title='bbox 502 2786 708 2868; x_wconf 88' lang='lat' dir='ltr'>publicarem</span> <span class='ocrx_word' id='word_1_136' title='bbox 736 2791 836 2869; x_wconf 86' lang='lat' dir='ltr'>atque</span> <span class='ocrx_word' id='word_1_137' title='bbox 868 2785 1117 2869; x_wconf 88' lang='lat' dir='ltr'>chalcographis</span> <span class='ocrx_word' id='word_1_138' title='bbox 1144 2786 1260 2867; x_wconf 91' lang='lat' dir='ltr'>impri-</span> 
     </span>
     <span class='ocr_line' id='line_1_22' title="bbox 201 2893 1261 2977; baseline -0.001 -18"><span class='ocrx_word' id='word_1_139' title='bbox 201 2894 360 2959; x_wconf 91' lang='lat' dir='ltr'>mendum</span> <span class='ocrx_word' id='word_1_140' title='bbox 383 2893 557 2977; x_wconf 83' lang='lat' dir='ltr'>diligenter</span> <span class='ocrx_word' id='word_1_141' title='bbox 580 2894 857 2960; x_wconf 89' lang='lat' dir='ltr'>commendarem.</span> <span class='ocrx_word' id='word_1_142' title='bbox 904 2893 1034 2972; x_wconf 86' lang='lat' dir='ltr'>Quibus</span> <span class='ocrx_word' id='word_1_143' title='bbox 1064 2895 1098 2957; x_wconf 90' lang='lat' dir='ltr'>et</span> <span class='ocrx_word' id='word_1_144' title='bbox 1121 2894 1261 2959; x_wconf 87' lang='lat' dir='ltr'>honesta</span> 
     </span>
     <span class='ocr_line' id='line_1_23' title="bbox 201 3000 1259 3085; baseline -0.001 -20"><span class='ocrx_word' id='word_1_145' title='bbox 201 3004 235 3067; x_wconf 90' lang='lat' dir='ltr'>et</span> <span class='ocrx_word' id='word_1_146' title='bbox 250 3000 337 3067; x_wconf 92' lang='lat' dir='ltr'>iusta</span> <span class='ocrx_word' id='word_1_147' title='bbox 351 3001 544 3084; x_wconf 90' lang='lat' dir='ltr'>petentibus</span> <span class='ocrx_word' id='word_1_148' title='bbox 566 3020 632 3067; x_wconf 94' lang='lat' dir='ltr'>non</span> <span class='ocrx_word' id='word_1_149' title='bbox 649 3000 743 3085; x_wconf 91' lang='lat' dir='ltr'>potui</span> <span class='ocrx_word' id='word_1_150' title='bbox 761 3020 827 3065; x_wconf 92' lang='lat' dir='ltr'>non</span> <span class='ocrx_word' id='word_1_151' title='bbox 844 3020 971 3065; x_wconf 92' lang='lat' dir='ltr'>morem</span> <span class='ocrx_word' id='word_1_152' title='bbox 986 3019 1107 3082; x_wconf 82' lang='lat' dir='ltr'>gerere.</span> <span class='ocrx_word' id='word_1_153' title='bbox 1140 3001 1259 3083; x_wconf 86' lang='lat' dir='ltr'>Itaque</span> 
     </span>
     <span class='ocr_line' id='line_1_24' title="bbox 201 3105 1261 3191; baseline -0.003 -18"><span class='ocrx_word' id='word_1_154' title='bbox 201 3109 333 3191; x_wconf 89' lang='lat' dir='ltr'>suscepi</span> <span class='ocrx_word' id='word_1_155' title='bbox 356 3107 571 3173; x_wconf 85' lang='lat' dir='ltr'>Euchiridion</span> <span class='ocrx_word' id='word_1_156' title='bbox 598 3108 689 3172; x_wconf 92' lang='lat' dir='ltr'>istud</span> <span class='ocrx_word' id='word_1_157' title='bbox 717 3107 956 3190; x_wconf 90' lang='lat' dir='ltr'>perlegendum</span> <span class='ocrx_word' id='word_1_158' title='bbox 983 3126 1058 3171; x_wconf 93' lang='lat' dir='ltr'>cum</span> <span class='ocrx_word' id='word_1_159' title='bbox 1086 3105 1155 3171; x_wconf 91' lang='lat' dir='ltr'>divi</span> <span class='ocrx_word' id='word_1_160' title='bbox 1179 3106 1261 3171; x_wconf 88' lang='lat' dir='ltr'>Hie-</span> 
     </span>
     <span class='ocr_line' id='line_1_25' title="bbox 200 3214 1260 3297; baseline 0 -19"><span class='ocrx_word' id='word_1_161' title='bbox 200 3215 329 3297; x_wconf 86' lang='lat' dir='ltr'>ronymi</span> <span class='ocrx_word' id='word_1_162' title='bbox 353 3215 394 3279; x_wconf 94' lang='lat' dir='ltr'>de</span> <span class='ocrx_word' id='word_1_163' title='bbox 418 3215 611 3279; x_wconf 91' lang='lat' dir='ltr'>clericorum</span> <span class='ocrx_word' id='word_1_164' title='bbox 634 3214 842 3279; x_wconf 90' lang='lat' dir='ltr'>institutione</span> <span class='ocrx_word' id='word_1_165' title='bbox 866 3214 1018 3297; x_wconf 90' lang='lat' dir='ltr'>epistola,</span> <span class='ocrx_word' id='word_1_166' title='bbox 1043 3233 1144 3295; x_wconf 93' lang='lat' dir='ltr'>quarn</span> <span class='ocrx_word' id='word_1_167' title='bbox 1166 3214 1260 3279; x_wconf 91' lang='lat' dir='ltr'>rudis</span> 
     </span>
     <span class='ocr_line' id='line_1_26' title="bbox 202 3320 1260 3405; baseline -0.001 -18"><span class='ocrx_word' id='word_1_168' title='bbox 202 3325 301 3405; x_wconf 89' lang='lat' dir='ltr'>atque</span> <span class='ocrx_word' id='word_1_169' title='bbox 336 3321 505 3404; x_wconf 88' lang='lat' dir='ltr'>negligens</span> <span class='ocrx_word' id='word_1_170' title='bbox 533 3322 713 3405; x_wconf 87' lang='lat' dir='ltr'>impressor</span> <span class='ocrx_word' id='word_1_171' title='bbox 747 3340 925 3404; x_wconf 87' lang='lat' dir='ltr'>perperam</span> <span class='ocrx_word' id='word_1_172' title='bbox 959 3320 1260 3404; x_wconf 88' lang='lat' dir='ltr'>miserabiliterque</span> 
     </span>
     <span class='ocr_line' id='line_1_27' title="bbox 202 3426 1260 3509; baseline -0.003 -15"><span class='ocrx_word' id='word_1_173' title='bbox 202 3428 360 3509; x_wconf 86' lang='lat' dir='ltr'>confudit,</span> <span class='ocrx_word' id='word_1_174' title='bbox 383 3429 491 3494; x_wconf 87' lang='lat' dir='ltr'>itaut</span> <span class='ocrx_word' id='word_1_175' title='bbox 514 3428 612 3494; x_wconf 92' lang='lat' dir='ltr'>homo</span> <span class='ocrx_word' id='word_1_176' title='bbox 636 3428 809 3494; x_wconf 88' lang='lat' dir='ltr'>mediocris</span> <span class='ocrx_word' id='word_1_177' title='bbox 833 3429 1039 3493; x_wconf 88' lang='lat' dir='ltr'>litteraturae</span> <span class='ocrx_word' id='word_1_178' title='bbox 1062 3426 1117 3492; x_wconf 84' lang='lat' dir='ltr'>vix</span> <span class='ocrx_word' id='word_1_179' title='bbox 1133 3429 1260 3492; x_wconf 86' lang='lat' dir='ltr'>textum</span> 
     </span>
     <span class='ocr_line' id='line_1_28' title="bbox 201 3534 1260 3621; baseline -0.001 -21"><span class='ocrx_word' id='word_1_180' title='bbox 201 3535 255 3618; x_wconf 92' lang='lat' dir='ltr'>(ut</span> <span class='ocrx_word' id='word_1_181' title='bbox 270 3535 402 3621; x_wconf 92' lang='lat' dir='ltr'>dicunt)</span> <span class='ocrx_word' id='word_1_182' title='bbox 418 3557 437 3602; x_wconf 98' lang='lat' dir='ltr'>a</span> <span class='ocrx_word' id='word_1_183' title='bbox 453 3537 689 3600; x_wconf 89' lang='lat' dir='ltr'>commentario</span> <span class='ocrx_word' id='word_1_184' title='bbox 707 3537 928 3618; x_wconf 87' lang='lat' dir='ltr'>cognosceret.</span> <span class='ocrx_word' id='word_1_185' title='bbox 941 3536 973 3619; x_wconf 74' lang='lat'>⁸)</span> <span class='ocrx_word' id='word_1_186' title='bbox 1018 3534 1178 3614; x_wconf 91' lang='lat' dir='ltr'>Tandem,</span> <span class='ocrx_word' id='word_1_187' title='bbox 1202 3535 1260 3599; x_wconf 92' lang='lat' dir='ltr'>ubi</span> 
     </span>
     <span class='ocr_line' id='line_1_29' title="bbox 202 3640 1261 3725; baseline -0.003 -16"><span class='ocrx_word' id='word_1_188' title='bbox 202 3661 286 3725; x_wconf 90' lang='lat' dir='ltr'>opus</span> <span class='ocrx_word' id='word_1_189' title='bbox 317 3643 398 3708; x_wconf 90' lang='lat' dir='ltr'>satis</span> <span class='ocrx_word' id='word_1_190' title='bbox 432 3644 577 3708; x_wconf 85' lang='lat' dir='ltr'>revisum</span> <span class='ocrx_word' id='word_1_191' title='bbox 609 3645 642 3707; x_wconf 90' lang='lat' dir='ltr'>et</span> <span class='ocrx_word' id='word_1_192' title='bbox 673 3644 709 3708; x_wconf 93' lang='lat' dir='ltr'>in</span> <span class='ocrx_word' id='word_1_193' title='bbox 736 3661 834 3707; x_wconf 91' lang='lat' dir='ltr'>suum</span> <span class='ocrx_word' id='word_1_194' title='bbox 865 3642 1041 3706; x_wconf 88' lang='lat' dir='ltr'>candorem</span> <span class='ocrx_word' id='word_1_195' title='bbox 1071 3640 1261 3706; x_wconf 90' lang='lat' dir='ltr'>restitutum</span> 
     </span>
     <span class='ocr_line' id='line_1_30' title="bbox 202 3748 1261 3833; baseline -0.001 -20"><span class='ocrx_word' id='word_1_196' title='bbox 202 3751 339 3833; x_wconf 89' lang='lat' dir='ltr'>cognovi.</span> <span class='ocrx_word' id='word_1_197' title='bbox 378 3751 479 3832; x_wconf 90' lang='lat' dir='ltr'>atque</span> <span class='ocrx_word' id='word_1_198' title='bbox 522 3749 683 3815; x_wconf 88' lang='lat' dir='ltr'>vocabula</span> <span class='ocrx_word' id='word_1_199' title='bbox 725 3749 811 3814; x_wconf 92' lang='lat' dir='ltr'>scitu</span> <span class='ocrx_word' id='word_1_200' title='bbox 854 3748 1003 3830; x_wconf 87' lang='lat' dir='ltr'>digniora</span> <span class='ocrx_word' id='word_1_201' title='bbox 1042 3748 1076 3812; x_wconf 95' lang='lat' dir='ltr'>in</span> <span class='ocrx_word' id='word_1_202' title='bbox 1113 3748 1261 3830; x_wconf 86' lang='lat' dir='ltr'>margine</span> 
     </span>
     <span class='ocr_line' id='line_1_31' title="bbox 203 3853 1261 3940; baseline -0.004 -18"><span class='ocrx_word' id='word_1_203' title='bbox 203 3860 377 3938; x_wconf 88' lang='lat' dir='ltr'>annotata,</span> <span class='ocrx_word' id='word_1_204' title='bbox 410 3857 650 3940; x_wconf 87' lang='lat' dir='ltr'>chalcographo</span> <span class='ocrx_word' id='word_1_205' title='bbox 679 3855 829 3921; x_wconf 90' lang='lat' dir='ltr'>commisi</span> <span class='ocrx_word' id='word_1_206' title='bbox 859 3855 1105 3938; x_wconf 89' lang='lat' dir='ltr'>publicandum.</span> <span class='ocrx_word' id='word_1_207' title='bbox 1153 3853 1261 3932; x_wconf 88' lang='lat' dir='ltr'>Quem</span> 
     </span>
    </p>
   </div>
   <div class='ocr_carea' id='block_1_3' title="bbox 202 4014 1262 4267">
    <p class='ocr_par' dir='ltr' id='par_1_6' title="bbox 202 4014 1262 4267">
     <span class='ocr_line' id='line_1_32' title="bbox 276 4014 1262 4085; baseline -0.003 -16"><span class='ocrx_word' id='word_1_208' title='bbox 276 4015 300 4082; x_wconf 80' lang='lat'>⁸)</span> <span class='ocrx_word' id='word_1_209' title='bbox 314 4017 371 4070; x_wconf 87' lang='lat' dir='ltr'>Deu</span> <span class='ocrx_word' id='word_1_210' title='bbox 380 4017 408 4069; x_wconf 90' lang='lat' dir='ltr'>in</span> <span class='ocrx_word' id='word_1_211' title='bbox 418 4016 465 4068; x_wconf 88' lang='lat' dir='ltr'>der</span> <span class='ocrx_word' id='word_1_212' title='bbox 474 4019 562 4069; x_wconf 85' lang='lat' dir='ltr'>ersten</span> <span class='ocrx_word' id='word_1_213' title='bbox 572 4015 696 4085; x_wconf 81' lang='lat' dir='ltr'>Ausgabe</span> <span class='ocrx_word' id='word_1_214' title='bbox 707 4016 762 4068; x_wconf 84' lang='lat' dir='ltr'>sich</span> <span class='ocrx_word' id='word_1_215' title='bbox 772 4030 823 4067; x_wconf 86' lang='lat' dir='ltr'>ron</span> <span class='ocrx_word' id='word_1_216' title='bbox 837 4015 895 4067; x_wconf 92' lang='lat' dir='ltr'>dem</span> <span class='ocrx_word' id='word_1_217' title='bbox 906 4015 988 4066; x_wconf 84' lang='lat' dir='ltr'>Texte</span> <span class='ocrx_word' id='word_1_218' title='bbox 1000 4014 1074 4066; x_wconf 90' lang='lat' dir='ltr'>nicht</span> <span class='ocrx_word' id='word_1_219' title='bbox 1088 4014 1262 4066; x_wconf 82' lang='lat' dir='ltr'>abhebenden</span> 
     </span>
     <span class='ocr_line' id='line_1_33' title="bbox 205 4102 1261 4158; baseline -0.004 0"><span class='ocrx_word' id='word_1_220' title='bbox 205 4104 371 4158; x_wconf 77' lang='lat' dir='ltr'>Commentar</span> <span class='ocrx_word' id='word_1_221' title='bbox 384 4105 429 4158; x_wconf 87' lang='lat' dir='ltr'>des</span> <span class='ocrx_word' id='word_1_222' title='bbox 442 4104 543 4158; x_wconf 85' lang='lat' dir='ltr'>Brieles</span> <span class='ocrx_word' id='word_1_223' title='bbox 559 4105 605 4157; x_wconf 83' lang='lat' dir='ltr'>hat</span> <span class='ocrx_word' id='word_1_224' title='bbox 617 4104 766 4157; x_wconf 85' lang='lat' dir='ltr'>Nehemous</span> <span class='ocrx_word' id='word_1_225' title='bbox 779 4104 860 4157; x_wconf 90' lang='lat' dir='ltr'>durch</span> <span class='ocrx_word' id='word_1_226' title='bbox 874 4103 1010 4156; x_wconf 83' lang='lat' dir='ltr'>kleineren</span> <span class='ocrx_word' id='word_1_227' title='bbox 1025 4102 1112 4155; x_wconf 85' lang='lat' dir='ltr'>Druck</span> <span class='ocrx_word' id='word_1_228' title='bbox 1126 4102 1261 4155; x_wconf 87' lang='lat' dir='ltr'>kenntlich</span> 
     </span>
     <span class='ocr_line' id='line_1_34' title="bbox 202 4194 331 4267; baseline 0 -19"><span class='ocrx_word' id='word_1_229' title='bbox 202 4194 331 4267; x_wconf 78' lang='lat' dir='ltr'>gemacht.</span> 
     </span>
    </p>
   </div>
   <div class='ocr_carea' id='block_1_4' title="bbox 0 0 1321 4718">
    <p class='ocr_par' dir='ltr' id='par_1_7' title="bbox 0 0 1321 4718">
     <span class='ocr_line' id='line_1_35' title="bbox 0 0 1321 4718; baseline 0 0"><span class='ocrx_word' id='word_1_230' title='bbox 0 0 1321 4718; x_wconf 95' lang='lat' dir='ltr'> </span> 
     </span>
    </p>
   </div>
  </div>
 </body>
</html>
