2632 4718
559 550 772 613 ..21-

261 727 448 805 nortuum
471 725 560 790 solae
583 725 733 808 probitas
756 727 893 792 humato

298 851 433 935 Arsque
456 854 646 933 supersunt.

633 1085 685 1148 IV.

307 1224 368 1295 De
391 1223 531 1295 officiis
553 1223 732 1314 magistri
755 1228 797 1294 et
819 1224 1012 1314 discipuli

261 1387 313 1453 Sit
336 1387 504 1452 litteratus
527 1387 753 1470 adprobisque
776 1388 926 1454 moribus

260 1513 418 1594 Magister
441 1515 475 1576 et
498 1511 621 1575 vocalis
644 1515 678 1576 et
701 1512 864 1594 pecuniae

260 1636 479 1718 Contemptor
502 1654 542 1699 ac
564 1637 699 1717 patiens
722 1636 846 1701 laboris
870 1637 995 1716 seduli;

261 1757 484 1827 Severitatem
507 1761 664 1826 comitate
687 1764 850 1844 temperet

263 1887 435 1970 Magisque
459 1885 573 1965 amari,
598 1905 696 1969 quam
720 1886 830 1951 timeri
854 1906 890 1951 se
912 1888 1002 1967 velit,

263 2010 416 2076 Parentis
441 2010 589 2075 animum
612 2009 807 2092 praeferens
831 2011 1047 2077 scholasticis,

260 2136 405 2202 Auditor
429 2137 536 2201 almae
560 2136 603 2201 sit
627 2155 731 2219 capax
755 2136 925 2213 scientiae,

260 2261 460 2340 BenevoluS,
484 2264 631 2326 attentus
653 2262 776 2345 pioque
800 2265 950 2345 pectore3

262 2389 305 2452 Ut
329 2388 451 2467 studia,
475 2389 523 2453 sic
546 2389 652 2454 bonos
675 2387 881 2471 professores
906 2390 992 2454 colat

260 2514 392 2596 Eosque
418 2514 580 2579 mentium
603 2514 708 2598 patris
732 2513 909 2578 existimet.

641 2747 676 2810 V.

317 2885 455 2982 Qualis
479 2886 625 2956 debeat
648 2904 736 2956 essa
758 2891 1006 2975 praeceptor.

193 3032 295 3097 Haud
318 3051 415 3096 secus
438 3050 477 3096 ac
500 3032 630 3113 genitor
652 3029 783 3095 sincero
808 3032 906 3096 corde
930 3033 1094 3114 benignus

239 3156 427 3240 Discipulos
451 3155 553 3220 debet
577 3155 695 3220 doctor
718 3175 831 3219 amare
854 3176 941 3221 suos

193 3280 351 3363 Corporis
374 3280 429 3346 ille
453 3301 585 3364 parens
609 3284 704 3363 pater
728 3281 782 3344 hic
806 3283 856 3345 cst
880 3281 1002 3346 ruentis
1026 3286 1058 3346 et
1082 3284 1190 3348 almus

124 3408 159 3487 4)
240 3405 368 3489 Ingenii
392 3407 499 3471 cultor
523 3405 737 3488 iustitiaeque
761 3409 859 3471 sator.

193 3532 406 3616 Compositor
430 3553 560 3597 morum
584 3532 877 3615 doctrinarumque
901 3532 1057 3614 magister

239 3657 385 3740 Argento
408 3656 557 3723 studium
581 3657 657 3739 plus
681 3656 828 3721 iuvenile
852 3658 949 3721 colat.

194 3783 260 3861 Qui
286 3782 385 3847 ninris
408 3783 558 3865 indulget
582 3783 697 3865 pueris
721 3787 755 3847 et.
779 3786 893 3864 captat
917 3782 1040 3865 iniquis

127 3910 165 3992 8)
242 3907 412 3972 Illecebris
436 3907 584 3983 iuvenes,
609 3927 674 3971 non
698 3907 793 3971 timet
817 3907 871 3971 ille
896 3909 1004 3973 deum·

194 4033 255 4098 Est
279 4033 515 4115 praeceptoris,
538 4053 648 4097 mores
672 4032 839 4115 praeferre
863 4053 996 4097 severos

240 4160 410 4243 Deviaque
434 4160 474 4223 ad
500 4162 627 4224 rectam
650 4160 779 4223 vertere
804 4160 904 4224 corda
927 4161 1023 4225 riam.
