2632 4718
162 1099 289 1169 Aldus
318 1099 526 1169 Manutius
554 1099 759 1168 Romanus
787 1099 968 1168 litterarii
996 1099 1082 1169 ludi
1114 1100 1235 1188 magi·

512 1205 605 1274 stria
629 1223 659 1274 s.
681 1224 720 1293 p.
745 1205 850 1274 dicit.
862 1208 886 1291 ¹)

361 1349 565 1413 Rudimenta
602 1350 830 1430 grammatices
871 1348 1009 1413 Latinae
1048 1349 1181 1431 linguae
1216 1370 1234 1413 a

271 1455 369 1519 nobis
400 1454 480 1521 olim
511 1455 696 1536 composita
726 1455 895 1536 optimum
922 1455 1011 1519 factu
1035 1455 1233 1532 existimari,

272 1561 314 1624 ad
338 1580 410 1636 vos,
447 1561 632 1624 iuventutis
656 1561 883 1624 moderatores
915 1564 949 1624 et
972 1581 1102 1626 morum
1132 1563 1232 1643 magi-

271 1669 374 1741 stros,
413 1667 552 1748 legenda
587 1667 813 1744 committere,
854 1686 920 1730 non
961 1666 1040 1750 quia
1078 1670 1232 1749 putarem

210 1776 228 1836 5
272 1772 423 1854 indigere
440 1792 499 1835 vos
516 1773 818 1837 lucubratiunculis
837 1773 959 1837 nostris
971 1810 1015 1819 —
1029 1793 1232 1856 quamquam

272 1880 383 1943 dicere
407 1878 537 1943 solebat
567 1876 743 1963 Plinius,²)
767 1879 894 1943 nullum
919 1900 992 1944 esse
1007 1881 1142 1945 librum
1165 1884 1232 1945 tam

272 1986 412 2050 malum.
445 1984 503 2066 qni
536 2005 603 2049 non
633 1984 745 2066 aliqua
778 1987 872 2068 parte
900 1987 1085 2069 prodesset,
1104 2023 1146 2052 ,-
1175 1987 1233 2050 sed

273 2093 395 2173 potius,
421 2095 472 2170 ut,
501 2092 527 2154 si
552 2092 636 2174 quid
660 2096 808 2155 erratum
832 2092 930 2156 luerit
952 2093 1121 2173 (homines
1145 2092 1232 2156 enim

273 2202 419 2282 sumus),
454 2198 659 2278 castigaretis
695 2219 815 2280 meque
850 2199 890 2262 de
922 2199 1042 2263 erratis
1078 2200 1233 2263 omnibus

192 2307 231 2370 10
273 2307 377 2370 amice
402 2305 634 2370 admoneretis.
686 2305 787 2378 Tum,
814 2305 1073 2386 ur,qu0ds1e1·i
1099 2327 1118 2369 a
1141 2306 1234 2369 robis

272 2412 380 2475 velim.
408 2410 600 2475 erudiendis
624 2411 907 2492 instituendisque
932 2413 1057 2493 pneris
1083 2412 1233 2493 quando·

234 2589 236 2592 Α
273 2518 406 2599 quidem
432 2519 466 2582 id
495 2517 561 2581 illis
586 2518 680 2581 valde
709 2517 918 2597 profuturum
950 2519 1151 2595 arbitrabar,
1175 2539 1234 2582 ros

275 2644 439 2706 rogarem,
470 2624 635 2706 primum,
666 2628 703 2687 ut
736 2623 954 2688 memineritis
989 2628 1144 2706 oportere
1177 2645 1234 2688 ros

274 2751 398 2804 eorum,
424 2751 507 2812 quos
532 2729 705 2810 accepistis
730 2730 969 2798 instituendos,
999 2732 1045 2794 sic
1069 2736 1234 2813 satagere,

192 2841 231 2902 15
275 2840 313 2900 nt
346 2837 443 2901 simul
468 2839 503 2900 et
526 2837 613 2901 docti
636 2835 718 2900 fiant
742 2840 774 2900 et
799 2838 923 2900 sanctis
945 2837 1142 2904 imbuantur
1165 2858 1235 2901 mo-

274 2943 377 3016 ribus,
402 2943 481 3024 qnia
559 2990 560 2994 ,

299 3051 393 3127 „Quo
418 3050 517 3113 semel
550 3050 600 3112 est
624 3050 751 3113 imbuta
776 3070 901 3122 recens,
926 3050 1074 3113 servabit
1098 3051 1235 3115 odorem

318 3155 418 3220 Testa
437 3157 505 3233 diu,
524 3158 624 3237 atque
643 3157 727 3219 adeo
740 3156 863 3219 teneris
883 3177 1075 3220 assuescere
1094 3158 1235 3220 multum

1008 3262 1128 3345 est‚“³)

191 3369 234 3432 ab
274 3387 336 3431 nec
360 3369 469 3432 solum
495 3371 640 3433 rectores
665 3371 907 3452 magistrosque
925 3388 984 3432 ros
1007 3389 1081 3433 esse
1105 3369 1237 3433 adoles-

274 3473 430 3552 centium,
448 3477 507 3539 scd
523 3478 556 3538 et
572 3480 728 3558 parentes
745 3478 879 3558 putetis,
913 3474 1013 3539 Scitis
1031 3476 1119 3539 enim
1136 3476 1235 3539 illud:

344 3580 426 3660 „Qui
451 3585 700 3664 praeceptorem
724 3583 831 3646 sancti
858 3584 990 3645 reluere
1014 3581 1164 3662 parentis

364 3687 445 3750 Esse
466 3685 606 3767 loeo“.4)

241 3822 243 3832 ·
275 3792 439 3875 Equidem
471 3794 577 3857 bonos
601 3794 746 3858 malosve
778 3815 837 3858 ros
861 3815 934 3858 esse
957 3797 1086 3858 tantum
1111 3794 1237 3859 referre

192 3902 233 3963 25
276 3899 436 3979 existimo,
465 3902 501 3962 nt
530 3899 637 3962 ausim
666 3900 776 3963 dicere
812 3901 975 3964 bonorum
1005 3902 1236 3982 malorumque

275 4004 438 4084 omnium,
475 4024 560 4086 quac
591 4004 717 4088 ubique
746 4008 911 4070 terrarum
938 4006 1040 4087 liunt,
1075 4026 1134 4070 ros
1162 4027 1236 4070 esse

275 4111 485 4192 potissimam
509 4131 653 4176 cansam.
702 4113 786 4176 Nam
816 4114 1055 4191 iurisconsulti,
1088 4112 1237 4193 pbiloso-

275 4218 344 4300 phi,
370 4222 517 4282 rectores
534 4218 678 4299 urbium,
703 4220 874 4301 principes
891 4220 1060 4301 ducesque
1077 4239 1115 4282 ac
1132 4239 1237 4301 rogae,

276 4342 408 4387 necnon
431 4324 604 4406 monachi,
632 4326 832 4406 sacerdotes
857 4327 1021 4409 episcopi,
1047 4327 1237 4409 cardinales
