2632 4718
125 1031 175 1131 ln
217 1032 317 1132 diri
352 1034 583 1134 Francisci
622 1034 864 1134 Assisiatis
896 1036 1191 1156 praeconium

501 1212 583 1311 ode
615 1211 816 1311 tricolus

239 1445 366 1511 Cantus
390 1446 521 1511 desinat
545 1447 698 1512 ethnicus
1042 1526 1047 1535 φ

240 1552 339 1617 Vanis
363 1553 589 1618 Democritum
602 1553 628 1638 ¹)
651 1554 769 1619 tollere
792 1553 958 1632 laudibus,

239 1659 335 1739 Quod
360 1661 435 1726 forti
458 1662 587 1743 patrias
611 1665 728 1726 cautus
751 1681 833 1744 opes
853 1663 988 1744 pectore
1005 1663 1191 1745 tempserit.

240 1803 309 1868 lam
335 1823 432 1869 nemo
456 1803 616 1885 Cynicum
641 1801 813 1888 craum2)

239 1909 379 1985 Laudet,
403 1910 550 1976 coerulei
573 1910 663 1994 quod
687 1910 789 1975 maris
813 1931 914 1976 aurea

243 2017 281 2081 ln
305 2017 428 2082 fluctus
453 2018 598 2101 rapidos,
622 2019 715 2082 dives
739 2037 852 2100 opum,
876 2017 1025 2101 pondera
1048 2018 1176 2084 iecerit.

239 2159 359 2224 Nullus
382 2160 529 2224 carmine
553 2159 722 2243 praedicet

241 2265 375 2331 Clarum
402 2267 592 2350 Diogenem,
618 2287 694 2332 vase
718 2267 856 2333 volubili

241 2373 306 2450 Qui
331 2373 417 2438 rictu
444 2373 535 2438 tenui
560 2393 601 2438 ne
625 2374 757 2452 cotylen
780 2394 892 2438 secum
909 2374 1028 2440 habuit
1045 2376 1192 2459 quidem,

240 2514 316 2593 Qui,
340 2514 461 2599 sceptri
487 2515 556 2580 rice
579 2515 724 2599 glorians

240 2622 351 2700 Clara,
376 2623 511 2706 palliolo
534 2622 655 2707 frigora
680 2625 818 2708 depulit,

132 2730 189 2814 lt)
241 2729 390 2795 Naturae
415 2731 566 2810 domitor,
592 2732 738 2796 Paeonio
762 2751 837 2814 rege
861 2731 1041 2813 potentior,

240 2872 360 2952 Quem,
384 2894 460 2938 curn
483 2873 550 2938 iam
574 2875 669 2939 senio
692 2875 801 2956 gravis

240 2980 294 3045 Ad
318 2981 413 3045 ludos
437 2981 585 3046 celebres
609 2981 672 3045 iret
696 2981 878 3064 Olympiae,

241 3087 428 3153 Exclusisse
452 3088 562 3153 ferunt
586 3088 782 3154 febriculam
805 3092 937 3171 gutture
961 3090 1084 3154 saucio.

241 3230 339 3295 Nunc
362 3248 477 3295 omnes
501 3231 652 3296 melleam
677 3232 794 3313 chelyn

241 3339 342 3402 Vates
366 3338 409 3402 ad
431 3338 606 3421 graphicos
630 3339 811 3403 instituant
835 3339 950 3404 modos

132 3447 189 3530 18)
241 3443 554 3527 Franciscumque³)
572 3449 706 3523 canant,
719 3444 837 3510 Assisii
850 3444 1068 3529 praecipuum
1081 3446 1193 3528 decus,

241 3586 316 3664 Qui,
340 3587 462 3668 spretis
486 3587 606 3668 opibus
631 3588 686 3670 pio

242 3692 412 3759 Christum
436 3694 536 3758 corde
561 3713 716 3776 sequena,
741 3693 874 3759 edocuit
897 3714 975 3759 suos

241 3801 373 3866 Fratres
389 3802 564 3885 egregiam,
581 3821 646 3884 qua
662 3808 819 3885 superum
837 3821 936 3884 regna
953 3803 1078 3883 petant,
1095 3800 1192 3867 riam.

242 3943 306 4008 Hic
328 3947 462 4009 terrena
486 3942 627 4026 negotia,

241 4051 387 4135 Aegrota
409 4051 557 4118 monitus
582 4071 682 4116 carne
706 4051 898 4128 salubriter,

131 4160 190 4243 al)
241 4159 285 4224 Et
308 4157 450 4224 blandos
473 4159 612 4224 Veneris
636 4157 842 4243 Cyprigenae
867 4160 1013 4224 deseruit
1036 4160 1136 4224 iocos
