2632 4718
615 739 836 811 ...3ss2

224 929 262 991 15
313 925 373 1006 „0,
409 945 511 1007 quam
535 923 682 1006 glorifica
712 923 786 988 luce
814 926 1001 1002 coruscas“,
1043 923 1268 1001 „Sanctorum

307 1030 435 1096 meritis
471 1030 592 1112 inclyta
619 1029 771 1112 gaudia“‚
814 1030 902 1108 „Iste
934 1027 1110 1092 consessor
1147 1029 1267 1094 domini

305 1138 456 1216 beatus“,
495 1138 624 1216 „Salve
655 1138 772 1201 sancta
800 1155 940 1218 parem,
971 1135 1071 1198 enixa
1099 1154 1267 1218 puerpera

308 1264 428 1326 regem,
454 1243 518 1320 Qui
535 1243 663 1308 eoelum
680 1245 870 1324 terramque
894 1240 1007 1321 regit.“
1041 1240 1201 1319 Adeslis,
1221 1243 1267 1305 in-

307 1370 423 1432 quam,
455 1369 530 1413 cum
562 1350 646 1413 haec
677 1352 710 1413 et
743 1348 778 1412 id
801 1368 906 1431 genus
937 1347 1002 1411 alia
1026 1348 1080 1410 rel
1110 1348 1267 1430 leguntur

219 1459 263 1520 20
308 1457 359 1521 vel
392 1460 575 1533 canuntur,
611 1456 712 1520 tacite
745 1453 975 1528 cornicamini,
1010 1473 1100 1534 quae
1133 1455 1266 1533 audilis,

307 1562 462 1640 laudatis,
488 1561 612 1627 talibus
636 1561 762 1642 placari
787 1563 885 1625 deum
909 1559 1127 1624 confitemini.
1180 1561 1266 1625 Haec

308 1671 482 1752 poetarum
519 1667 668 1732 carmina
706 1669 797 1744 sunt,
837 1669 869 1731 et
903 1669 1081 1750 poetarum
1116 1667 1267 1731 carmina

307 1774 408 1839 vultis
432 1774 620 1857 explodere.

671 2019 783 2083 XLIX.

200 2159 263 2227 Ex
286 2157 455 2246 epistola
481 2157 648 2228 Joannis
672 2157 875 2226 Francisci
896 2156 979 2224 Pici
1007 2157 1060 2225 ad
1082 2157 1267 2227 Maximi·

391 2264 542 2333 lianum
565 2263 778 2334 Gaesarem
801 2263 1035 2351 Augustum.
1049 2265 1074 2347 ¹)

399 2425 472 2502 Quo
509 2426 649 2497 factum,
689 2427 726 2486 ut
761 2443 830 2486 rem
865 2425 931 2486 tam
972 2425 1155 2497 celebrem,
1199 2432 1265 2491 lam

309 2531 441 2612 dignam
480 2530 689 2612 posteritatis
727 2530 885 2593 memoria
922 2530 1107 2594 litterarum
1145 2553 1266 2597 monu-

308 2638 429 2701 mentis
453 2637 663 2719 heroieisque
686 2637 896 2718 potissimum
921 2638 1073 2712 rersihns
1107 2639 1142 2700 in
1166 2658 1265 2719 prae-

308 2744 416 2806 sentia
440 2744 598 2806 mandare
623 2743 874 2816 destinaverim,
899 2743 945 2806 nil
970 2762 1026 2806 eas
1055 2744 1184 2808 veritus
1211 2767 1264 2809 ca·

309 2848 466 2924 lumniaS,
503 2869 585 2930 quas
622 2849 885 2930 philosophastri
924 2849 1118 2928 funderent,
1159 2851 1264 2934 ignari

308 2955 487 3019 altissimos
528 2956 711 3018 ritterarum
749 2956 838 3018 locos
873 2976 891 3018 a
922 2957 1030 3037 prima
1063 2958 1266 3038 antiquitate

310 3064 414 3125 metro
439 3061 665 3124 concelebrari
690 3061 804 3124 solitos
829 3082 891 3125 nec
916 3063 1005 3144 apud
1026 3062 1205 3127 Platonem
1231 3069 1263 3127 et

308 3166 524 3231 Aristotelem
564 3167 644 3231 satis
682 3167 855 3246 diversati,
895 3188 1036 3250 quorum
1077 3168 1119 3231 ab
1161 3170 1266 3232 allero

312 3273 566 3355 epigrammata,
603 3275 644 3336 ah
675 3275 781 3339 altero
818 3275 917 3337 etiam
954 3279 1109 3355 poemata
1144 3296 1266 3340 excusa

309 3383 397 3458 sunt,
423 3383 460 3443 ut
483 3380 588 3461 ipsius
614 3381 694 3444 artis
719 3381 869 3461 poeticae
893 3384 1070 3462 praecepta
1095 3382 1264 3446 reticeam.

309 3487 376 3568 lpsi
401 3489 513 3550 autem
538 3486 682 3566 theologi
715 3506 776 3550 nec
807 3488 947 3567 hymnos
978 3488 1136 3551 ecclesiae
1168 3489 1265 3554 dissi-

309 3594 436 3656 mulent
460 3613 521 3656 nec
554 3593 702 3656 nesciant
728 3593 987 3671 Nazianzenum‚
1013 3594 1265 3676 Hieronymum,

309 3697 499 3776 Sedulinm,
535 3699 712 3762 Paulinum
743 3702 774 3762 et
804 3700 885 3763 alios
915 3700 1061 3763 earmina
1091 3701 1264 3766 cecinisse.

310 3806 380 3868 Nec
405 3825 461 3868 eos
486 3805 705 3885 praeterierit,
729 3806 843 3870 hlosen
868 3807 1012 3886 primum
1038 3806 1168 3871 divinas
1194 3809 1265 3872 lau-

224 3915 263 3977 15
312 3913 369 3976 des
400 3912 546 3975 carmine
574 3912 765 3975 hexametro
789 3913 982 3976 decantasse
1014 3917 1048 3976 et
1073 3914 1265 3979 Hebraeum

311 4019 475 4082 calamum
492 4018 661 4081 nonnullis
681 4018 866 4082 divinorum
885 4019 979 4082 libris
997 4040 1154 4084 versuum
1172 4042 1265 4085 men-

309 4144 419 4189 snram
443 4124 663 4206 impressisse.
