2632 4718
406 322 411 330 Γ

525 730 744 796 „41-

212 910 255 974 Et
278 910 407 975 Christi
430 910 544 975 mallet
567 928 695 994 pauper
717 909 810 975 obire
833 910 980 974 erucem!

169 1018 356 1082 Prudentes
380 1016 511 1081 utinam
534 1036 629 1100 reges
652 1035 715 1081 sua
737 1034 839 1098 regna
862 1020 1024 1085 tenerent.

213 1122 343 1187 Iustitia
366 1122 515 1187 illustres
539 1126 573 1187 et
596 1121 720 1204 pietate
742 1121 840 1188 boni!

98 1232 142 1293 25
169 1229 318 1311 Simplex
340 1227 515 1312 proposita
537 1229 635 1311 plebs
657 1227 861 1311 exemplaria
884 1229 1024 1312 spectat,

217 1335 417 1416 Plerumque
441 1335 479 1398 ut
500 1333 669 1417 princeps,
694 1334 743 1399 sia
765 1353 900 1417 quoque
924 1335 1042 1416 vulgus
1066 1333 1142 1414 agit.

171 1442 316 1505 Damnat
338 1440 543 1505 adulterium
566 1440 726 1505 moechus
749 1440 777 1505 si
801 1438 884 1504 forte
909 1441 1073 1514 sacerdes

215 1547 327 1612 Turba
350 1546 443 1611 rudis
466 1544 540 1610 fieri
563 1546 704 1629 nequior
728 1546 806 1611 inde
829 1547 926 1612 solet.

172 1651 351 1717 Pontifices
375 1651 404 1716 si
426 1652 516 1716 bella
537 1653 667 1734 gerunt,
691 1670 759 1716 non
782 1653 929 1717 abstinet
953 1653 1054 1716 armis

102 1761 148 1824 30
216 1759 366 1841 Regulus
389 1759 539 1841 haecque
561 1757 626 1823 sibi
648 1758 722 1823 iure
744 1757 844 1823 licere
867 1760 974 1842 putat.

172 1864 249 1929 Non
272 1865 384 1929 servat
405 1864 552 1946 populus
575 1863 675 1946 leger,
698 1863 728 1929 si
750 1882 809 1929 rex
832 1864 874 1928 sit
898 1864 1043 1945 iniquus,

218 1970 340 2035 Polluit
363 1969 525 2052 exemplis
548 1969 692 2052 plurima
714 1971 815 2035 eorda
839 1971 957 2035 scelus

173 2077 311 2142 Liberet
335 2097 376 2141 ex
400 2075 521 2141 misero
544 2076 629 2142 coeli
652 2095 714 2143 nos
737 2076 888 2142 conditor
911 2077 1000 2149 orbe,

218 2181 282 2260 Qui
306 2201 437 2246 summo
461 2184 622 2247 mundum
644 2201 778 2265 semper
801 2202 914 2246 amere
938 2183 1037 2264 regit!

532 2382 745 2391 *-

603 2521 684 2585 XXI.

376 2662 424 2731 In
447 2660 755 2731 detestationem
779 2661 900 2730 aleae.

134 2828 144 2888 l
176 2826 214 2888 Iu
238 2824 399 2899 lacrimas,
423 2822 516 2905 elegi.
542 2823 621 2888 tetis
646 2823 810 2887 decurrite
836 2823 923 2899 rivis,

220 2931 371 3011 Namque
396 2930 467 2994 loeo
490 2930 574 2994 nillil
598 2933 649 2993 est
672 2930 886 3011 laetitiaeque
912 2930 991 2993 leel!

174 3036 292 3100 Infelix
316 3036 489 3099 hominum
512 3055 617 3117 genus
640 3036 675 3099 in
699 3056 760 3099 sua
784 3037 904 3099 (lanula
928 3038 1101 3118 prulendas

219 3142 450 3206 Commeatum
474 3145 525 3205 est
548 3145 637 3206 artes
662 3141 890 3223 lrretificesque
915 3143 1017 3207 deles.

129 3254 148 3311 ἵ)
174 3250 362 3313 Suaseruut
384 3248 502 3316 furiae.
527 3249 670 3313 daemon
694 3250 856 3331 suggessit
881 3249 1027 3331 iniquus,

220 3354 364 3418 Lusibus
387 3355 575 3419 innumeris
598 3356 739 3438 perdere
763 3357 903 3437 tempus,
927 3376 1018 3437 opes.

176 3460 276 3523 Hune
298 3460 357 3525 tali
381 3461 537 3537 nummis
561 3461 656 3525 illum
681 3462 768 3525 mala
791 3462 944 3525 chartula
969 3463 1083 3528 nudat.

220 3566 367 3632 Evacuat
390 3567 504 3631 multis
527 3571 654 3632 tessera
679 3568 895 3650 marsupium.

176 3672 264 3736 Hine
287 3673 435 3737 subeunt
457 3674 535 3749 irae,
560 3674 659 3749 rixae,
684 3675 836 3757 periuria.
862 3675 989 3749 caedes,

109 3783 151 3843 le
220 3779 341 3862 Turpis
365 3780 524 3845 avaritiae
548 3781 679 3845 vincula
703 3782 803 3845 cerda
828 3781 939 3863 ligant.

176 3884 324 3951 Crimina
346 3885 521 3963 iactantur,
547 3892 680 3951 resonat
704 3889 904 3952 clamoribus
929 3899 993 3955 alr.

218 3991 352 4057 incusat
375 4012 533 4075 superum
558 4014 620 4057 vex
644 3995 803 4058 scelerata
827 3994 936 4057 deum.

177 4098 326 4163 Perdidit
349 4102 523 4181 argentum
548 4100 647 4176 lusor,
672 4102 738 4164 iarn
762 4100 874 4181 perdit
898 4105 930 4164 et
955 4119 1084 4169 aurum,

222 4205 360 4269 Pectore
383 4204 524 4270 sollicito
541 4207 620 4270 dum
645 4207 708 4271 sibi
734 4208 826 4271 luera
849 4208 951 4289 eupit.

113 4313 151 4375 15
177 4310 264 4375 Dum
287 4315 401 4395 sperat
424 4316 548 4377 sortem
573 4313 666 4391 verti,
691 4315 770 4378 dum
795 4313 916 4395 cogitat
940 4312 1006 4376 alte
