<?xml version="1.0" encoding="UTF-8"?>
<!DOCTYPE html PUBLIC "-//W3C//DTD XHTML 1.0 Transitional//EN"
    "http://www.w3.org/TR/xhtml1/DTD/xhtml1-transitional.dtd">
<html xmlns="http://www.w3.org/1999/xhtml" xml:lang="en" lang="en">
 <head>
  <title>
</title>
<meta http-equiv="Content-Type" content="text/html;charset=utf-8" />
  <meta name='ocr-system' content='tesseract 3.04.00' />
  <meta name='ocr-capabilities' content='ocr_page ocr_carea ocr_par ocr_line ocrx_word'/>
</head>
<body>
  <div class='ocr_page' id='page_1' title='image "./ausgewhltewerke00bmgoog_0430.png"; bbox 0 0 2790 4366; ppageno 0'>
   <div class='ocr_carea' id='block_1_1' title="bbox 484 327 707 402">
    <p class='ocr_par' dir='ltr' id='par_1_1' title="bbox 484 327 707 402">
     <span class='ocr_line' id='line_1_1' title="bbox 484 327 707 402; baseline 0.013 -21"><span class='ocrx_word' id='word_1_1' title='bbox 484 327 707 402; x_wconf 71' lang='lat'>..49-</span> 
     </span>
    </p>
   </div>
   <div class='ocr_carea' id='block_1_2' title="bbox 46 511 1130 3147">
    <p class='ocr_par' dir='ltr' id='par_1_2' title="bbox 81 511 1130 810">
     <span class='ocr_line' id='line_1_2' title="bbox 81 511 1129 596; baseline -0.008 -12"><span class='ocrx_word' id='word_1_2' title='bbox 81 579 85 584; x_wconf 92' lang='lat'>.</span> <span class='ocrx_word' id='word_1_3' title='bbox 171 512 391 596; x_wconf 85' lang='lat' dir='ltr'>candidisque</span> <span class='ocrx_word' id='word_1_4' title='bbox 414 513 582 596; x_wconf 80' lang='lat' dir='ltr'>permistis</span> <span class='ocrx_word' id='word_1_5' title='bbox 607 513 718 579; x_wconf 93' lang='lat' dir='ltr'>omnia</span> <span class='ocrx_word' id='word_1_6' title='bbox 739 513 899 580; x_wconf 86' lang='lat' dir='ltr'>confudit.</span> <span class='ocrx_word' id='word_1_7' title='bbox 939 511 1129 579; x_wconf 86' lang='lat' dir='ltr'>Abiiciendi</span> 
     </span>
     <span class='ocr_line' id='line_1_3' title="bbox 172 619 1130 704; baseline 0.002 -20"><span class='ocrx_word' id='word_1_8' title='bbox 172 622 310 684; x_wconf 88' lang='lat' dir='ltr'>suntet</span> <span class='ocrx_word' id='word_1_9' title='bbox 335 619 486 683; x_wconf 91' lang='lat' dir='ltr'>nonnulli</span> <span class='ocrx_word' id='word_1_10' title='bbox 511 619 669 702; x_wconf 90' lang='lat' dir='ltr'>(quorum</span> <span class='ocrx_word' id='word_1_11' title='bbox 695 620 891 685; x_wconf 90' lang='lat' dir='ltr'>nominibus</span> <span class='ocrx_word' id='word_1_12' title='bbox 914 638 1026 704; x_wconf 82' lang='lat' dir='ltr'>parce,</span> <span class='ocrx_word' id='word_1_13' title='bbox 1051 621 1130 702; x_wconf 88' lang='lat' dir='ltr'>quia</span> 
     </span>
     <span class='ocr_line' id='line_1_4' title="bbox 173 725 1128 810; baseline 0.002 -20"><span class='ocrx_word' id='word_1_14' title='bbox 173 725 414 808; x_wconf 84' lang='lat' dir='ltr'>componendis</span> <span class='ocrx_word' id='word_1_15' title='bbox 438 725 605 791; x_wconf 90' lang='lat' dir='ltr'>indicibus</span> <span class='ocrx_word' id='word_1_16' title='bbox 629 727 793 810; x_wconf 89' lang='lat' dir='ltr'>bonisque</span> <span class='ocrx_word' id='word_1_17' title='bbox 810 727 904 792; x_wconf 89' lang='lat' dir='ltr'>libris</span> <span class='ocrx_word' id='word_1_18' title='bbox 926 725 1128 792; x_wconf 85' lang='lat' dir='ltr'>excudendis</span> 
     </span>
    </p>

    <p class='ocr_par' dir='ltr' id='par_1_3' title="bbox 46 831 1130 2933">
     <span class='ocr_line' id='line_1_5' title="bbox 46 831 1128 915; baseline 0 -19"><span class='ocrx_word' id='word_1_19' title='bbox 46 848 57 867; x_wconf 62' lang='lat'><strong><em>⁶</em></strong></span> <span class='ocrx_word' id='word_1_20' title='bbox 171 833 213 896; x_wconf 96' lang='lat' dir='ltr'>de</span> <span class='ocrx_word' id='word_1_21' title='bbox 242 831 401 897; x_wconf 81' lang='lat' dir='ltr'>studiosis</span> <span class='ocrx_word' id='word_1_22' title='bbox 431 832 517 897; x_wconf 89' lang='lat' dir='ltr'>bene</span> <span class='ocrx_word' id='word_1_23' title='bbox 541 835 618 896; x_wconf 89' lang='lat' dir='ltr'>sunt</span> <span class='ocrx_word' id='word_1_24' title='bbox 649 834 785 913; x_wconf 85' lang='lat' dir='ltr'>meriti),</span> <span class='ocrx_word' id='word_1_25' title='bbox 821 853 964 915; x_wconf 92' lang='lat' dir='ltr'>quorum</span> <span class='ocrx_word' id='word_1_26' title='bbox 995 832 1128 897; x_wconf 87' lang='lat' dir='ltr'>verbosi</span> 
     </span>
     <span class='ocr_line' id='line_1_6' title="bbox 174 937 1129 1021; baseline 0.002 -19"><span class='ocrx_word' id='word_1_27' title='bbox 174 937 416 1018; x_wconf 89' lang='lat' dir='ltr'>commentarii,</span> <span class='ocrx_word' id='word_1_28' title='bbox 450 939 486 1002; x_wconf 92' lang='lat' dir='ltr'>ut</span> <span class='ocrx_word' id='word_1_29' title='bbox 514 938 583 1002; x_wconf 90' lang='lat' dir='ltr'>sint</span> <span class='ocrx_word' id='word_1_30' title='bbox 606 939 852 1021; x_wconf 82' lang='lat' dir='ltr'>vendibiliores,</span> <span class='ocrx_word' id='word_1_31' title='bbox 876 941 912 1006; x_wconf 92' lang='lat' dir='ltr'>in</span> <span class='ocrx_word' id='word_1_32' title='bbox 935 939 1129 1005; x_wconf 84' lang='lat' dir='ltr'>ordinandis</span> 
     </span>
     <span class='ocr_line' id='line_1_7' title="bbox 172 1045 1129 1130; baseline 0.001 -21"><span class='ocrx_word' id='word_1_33' title='bbox 172 1064 385 1127; x_wconf 91' lang='lat' dir='ltr'>quocumque</span> <span class='ocrx_word' id='word_1_34' title='bbox 408 1045 507 1110; x_wconf 93' lang='lat' dir='ltr'>modo</span> <span class='ocrx_word' id='word_1_35' title='bbox 532 1045 836 1110; x_wconf 74' lang='lat' dir='ltr'>constructionibus</span> <span class='ocrx_word' id='word_1_36' title='bbox 860 1046 1015 1130; x_wconf 90' lang='lat' dir='ltr'>occupati</span> <span class='ocrx_word' id='word_1_37' title='bbox 1039 1049 1072 1110; x_wconf 92' lang='lat' dir='ltr'>et</span> <span class='ocrx_word' id='word_1_38' title='bbox 1095 1047 1129 1110; x_wconf 95' lang='lat' dir='ltr'>in</span> 
     </span>
     <span class='ocr_line' id='line_1_8' title="bbox 174 1151 1130 1233; baseline 0.002 -18"><span class='ocrx_word' id='word_1_39' title='bbox 174 1151 382 1233; x_wconf 85' lang='lat' dir='ltr'>exponendis</span> <span class='ocrx_word' id='word_1_40' title='bbox 406 1151 514 1215; x_wconf 90' lang='lat' dir='ltr'>obviis</span> <span class='ocrx_word' id='word_1_41' title='bbox 538 1151 658 1233; x_wconf 89' lang='lat' dir='ltr'>iisque,</span> <span class='ocrx_word' id='word_1_42' title='bbox 684 1171 770 1233; x_wconf 91' lang='lat' dir='ltr'>quae</span> <span class='ocrx_word' id='word_1_43' title='bbox 795 1152 929 1218; x_wconf 89' lang='lat' dir='ltr'>cuilibet</span> <span class='ocrx_word' id='word_1_44' title='bbox 952 1153 1005 1218; x_wconf 89' lang='lat' dir='ltr'>vel</span> <span class='ocrx_word' id='word_1_45' title='bbox 1029 1153 1130 1218; x_wconf 89' lang='lat' dir='ltr'>semi-</span> 
     </span>
     <span class='ocr_line' id='line_1_9' title="bbox 172 1257 1129 1340; baseline 0.002 -19"><span class='ocrx_word' id='word_1_46' title='bbox 172 1257 271 1321; x_wconf 91' lang='lat' dir='ltr'>docto</span> <span class='ocrx_word' id='word_1_47' title='bbox 301 1258 380 1320; x_wconf 92' lang='lat' dir='ltr'>sunt</span> <span class='ocrx_word' id='word_1_48' title='bbox 410 1258 444 1320; x_wconf 92' lang='lat' dir='ltr'>in</span> <span class='ocrx_word' id='word_1_49' title='bbox 473 1261 648 1340; x_wconf 88' lang='lat' dir='ltr'>promptu,</span> <span class='ocrx_word' id='word_1_50' title='bbox 682 1258 808 1322; x_wconf 90' lang='lat' dir='ltr'>diutius</span> <span class='ocrx_word' id='word_1_51' title='bbox 837 1259 1068 1340; x_wconf 78' lang='lat' dir='ltr'>immoranteS,</span> <span class='ocrx_word' id='word_1_52' title='bbox 1101 1259 1129 1323; x_wconf 92' lang='lat' dir='ltr'>si</span> 
     </span>
     <span class='ocr_line' id='line_1_10' title="bbox 172 1362 1129 1446; baseline 0.003 -19"><span class='ocrx_word' id='word_1_53' title='bbox 172 1363 253 1446; x_wconf 93' lang='lat' dir='ltr'>quid</span> <span class='ocrx_word' id='word_1_54' title='bbox 277 1363 427 1426; x_wconf 86' lang='lat' dir='ltr'>fortassis</span> <span class='ocrx_word' id='word_1_55' title='bbox 452 1362 567 1428; x_wconf 90' lang='lat' dir='ltr'>incidit</span> <span class='ocrx_word' id='word_1_56' title='bbox 590 1364 776 1446; x_wconf 86' lang='lat' dir='ltr'>obscurius,</span> <span class='ocrx_word' id='word_1_57' title='bbox 801 1364 853 1429; x_wconf 91' lang='lat' dir='ltr'>cui</span> <span class='ocrx_word' id='word_1_58' title='bbox 877 1365 1047 1430; x_wconf 89' lang='lat' dir='ltr'>desideres</span> <span class='ocrx_word' id='word_1_59' title='bbox 1070 1366 1129 1430; x_wconf 89' lang='lat' dir='ltr'>ad·</span> 
     </span>
     <span class='ocr_line' id='line_1_11' title="bbox 174 1469 1129 1551; baseline 0.002 -19"><span class='ocrx_word' id='word_1_60' title='bbox 174 1473 299 1534; x_wconf 87' lang='lat' dir='ltr'>motam</span> <span class='ocrx_word' id='word_1_61' title='bbox 330 1469 617 1551; x_wconf 84' lang='lat' dir='ltr'>interpretationis</span> <span class='ocrx_word' id='word_1_62' title='bbox 648 1471 774 1551; x_wconf 87' lang='lat' dir='ltr'>lucem,</span> <span class='ocrx_word' id='word_1_63' title='bbox 808 1473 861 1537; x_wconf 93' lang='lat' dir='ltr'>vel</span> <span class='ocrx_word' id='word_1_64' title='bbox 895 1475 1046 1536; x_wconf 90' lang='lat' dir='ltr'>mussant</span> <span class='ocrx_word' id='word_1_65' title='bbox 1076 1472 1129 1535; x_wconf 90' lang='lat' dir='ltr'>vel</span> 
     </span>
     <span class='ocr_line' id='line_1_12' title="bbox 175 1576 1130 1660; baseline 0.004 -22"><span class='ocrx_word' id='word_1_66' title='bbox 175 1576 293 1657; x_wconf 87' lang='lat' dir='ltr'>procul</span> <span class='ocrx_word' id='word_1_67' title='bbox 325 1595 344 1639; x_wconf 85' lang='lat' dir='ltr'>a</span> <span class='ocrx_word' id='word_1_68' title='bbox 373 1579 484 1640; x_wconf 90' lang='lat' dir='ltr'>mente</span> <span class='ocrx_word' id='word_1_69' title='bbox 508 1577 678 1660; x_wconf 88' lang='lat' dir='ltr'>scriptoris</span> <span class='ocrx_word' id='word_1_70' title='bbox 707 1578 932 1643; x_wconf 87' lang='lat' dir='ltr'>exorbitantes</span> <span class='ocrx_word' id='word_1_71' title='bbox 962 1578 1046 1643; x_wconf 84' lang='lat' dir='ltr'>falsa</span> <span class='ocrx_word' id='word_1_72' title='bbox 1068 1597 1130 1660; x_wconf 91' lang='lat' dir='ltr'>pro</span> 
     </span>
     <span class='ocr_line' id='line_1_13' title="bbox 173 1680 1130 1764; baseline 0.001 -19"><span class='ocrx_word' id='word_1_73' title='bbox 173 1680 271 1760; x_wconf 73' lang='lat' dir='ltr'>velie,</span> <span class='ocrx_word' id='word_1_74' title='bbox 296 1681 420 1746; x_wconf 88' lang='lat' dir='ltr'>incerta</span> <span class='ocrx_word' id='word_1_75' title='bbox 444 1701 506 1764; x_wconf 93' lang='lat' dir='ltr'>pro</span> <span class='ocrx_word' id='word_1_76' title='bbox 523 1681 621 1746; x_wconf 91' lang='lat' dir='ltr'>certis</span> <span class='ocrx_word' id='word_1_77' title='bbox 645 1684 794 1748; x_wconf 89' lang='lat' dir='ltr'>tradunt.</span> <span class='ocrx_word' id='word_1_78' title='bbox 831 1683 874 1747; x_wconf 91' lang='lat' dir='ltr'>Hi</span> <span class='ocrx_word' id='word_1_79' title='bbox 897 1702 971 1748; x_wconf 92' lang='lat' dir='ltr'>cum</span> <span class='ocrx_word' id='word_1_80' title='bbox 995 1684 1130 1747; x_wconf 90' lang='lat' dir='ltr'>credulo</span> 
     </span>
     <span class='ocr_line' id='line_1_14' title="bbox 174 1787 1130 1870; baseline 0.002 -18"><span class='ocrx_word' id='word_1_81' title='bbox 174 1787 289 1853; x_wconf 86' lang='lat' dir='ltr'>lectori</span> <span class='ocrx_word' id='word_1_82' title='bbox 321 1788 506 1870; x_wconf 88' lang='lat' dir='ltr'>splendidis</span> <span class='ocrx_word' id='word_1_83' title='bbox 540 1789 681 1854; x_wconf 87' lang='lat' dir='ltr'>obiectis</span> <span class='ocrx_word' id='word_1_84' title='bbox 710 1789 872 1854; x_wconf 92' lang='lat' dir='ltr'>librorum</span> <span class='ocrx_word' id='word_1_85' title='bbox 907 1789 1014 1855; x_wconf 88' lang='lat' dir='ltr'>titulis</span> <span class='ocrx_word' id='word_1_86' title='bbox 1046 1790 1130 1855; x_wconf 89' lang='lat' dir='ltr'>nihil</span> 
     </span>
     <span class='ocr_line' id='line_1_15' title="bbox 174 1895 1130 1980; baseline 0.003 -22"><span class='ocrx_word' id='word_1_87' title='bbox 174 1913 242 1959; x_wconf 93' lang='lat' dir='ltr'>non</span> <span class='ocrx_word' id='word_1_88' title='bbox 272 1895 486 1975; x_wconf 80' lang='lat' dir='ltr'>promittant,</span> <span class='ocrx_word' id='word_1_89' title='bbox 519 1895 640 1960; x_wconf 91' lang='lat' dir='ltr'>mirum</span> <span class='ocrx_word' id='word_1_90' title='bbox 664 1900 725 1974; x_wconf 89' lang='lat' dir='ltr'>est,</span> <span class='ocrx_word' id='word_1_91' title='bbox 755 1916 856 1978; x_wconf 87' lang='lat' dir='ltr'>quam</span> <span class='ocrx_word' id='word_1_92' title='bbox 884 1916 1003 1980; x_wconf 90' lang='lat' dir='ltr'>parum</span> <span class='ocrx_word' id='word_1_93' title='bbox 1032 1916 1130 1980; x_wconf 87' lang='lat' dir='ltr'>prae-</span> 
     </span>
     <span class='ocr_line' id='line_1_16' title="bbox 176 2002 1130 2085; baseline 0.003 -21"><span class='ocrx_word' id='word_1_94' title='bbox 176 2003 277 2065; x_wconf 89' lang='lat' dir='ltr'>stent.</span> <span class='ocrx_word' id='word_1_95' title='bbox 320 2002 415 2066; x_wconf 90' lang='lat' dir='ltr'>Unde</span> <span class='ocrx_word' id='word_1_96' title='bbox 438 2002 708 2067; x_wconf 89' lang='lat' dir='ltr'>adolescentibus</span> <span class='ocrx_word' id='word_1_97' title='bbox 732 2022 770 2067; x_wconf 90' lang='lat' dir='ltr'>ac</span> <span class='ocrx_word' id='word_1_98' title='bbox 793 2004 907 2085; x_wconf 90' lang='lat' dir='ltr'>pueris</span> <span class='ocrx_word' id='word_1_99' title='bbox 931 2003 1036 2069; x_wconf 88' lang='lat' dir='ltr'>maior</span> <span class='ocrx_word' id='word_1_100' title='bbox 1059 2023 1130 2067; x_wconf 91' lang='lat' dir='ltr'>om-</span> 
     </span>
     <span class='ocr_line' id='line_1_17' title="bbox 175 2107 1126 2193; baseline 0.003 -22"><span class='ocrx_word' id='word_1_101' title='bbox 175 2107 255 2172; x_wconf 90' lang='lat' dir='ltr'>nino</span> <span class='ocrx_word' id='word_1_102' title='bbox 279 2109 390 2173; x_wconf 91' lang='lat' dir='ltr'>clades</span> <span class='ocrx_word' id='word_1_103' title='bbox 419 2110 580 2188; x_wconf 81' lang='lat' dir='ltr'>exoritur,</span> <span class='ocrx_word' id='word_1_104' title='bbox 609 2110 699 2193; x_wconf 92' lang='lat' dir='ltr'>quod</span> <span class='ocrx_word' id='word_1_105' title='bbox 731 2111 826 2174; x_wconf 90' lang='lat' dir='ltr'>mulli</span> <span class='ocrx_word' id='word_1_106' title='bbox 855 2109 1016 2175; x_wconf 87' lang='lat' dir='ltr'>eiusmodi</span> <span class='ocrx_word' id='word_1_107' title='bbox 1040 2112 1126 2192; x_wconf 83' lang='lat' dir='ltr'>glos-</span> 
     </span>
     <span class='ocr_line' id='line_1_18' title="bbox 174 2213 1126 2297; baseline 0.004 -19"><span class='ocrx_word' id='word_1_108' title='bbox 174 2233 285 2278; x_wconf 88' lang='lat' dir='ltr'>sarum</span> <span class='ocrx_word' id='word_1_109' title='bbox 308 2213 430 2278; x_wconf 82' lang='lat' dir='ltr'>fiducia</span> <span class='ocrx_word' id='word_1_110' title='bbox 459 2213 532 2279; x_wconf 87' lang='lat' dir='ltr'>freti</span> <span class='ocrx_word' id='word_1_111' title='bbox 561 2215 631 2279; x_wconf 88' lang='lat' dir='ltr'>sine</span> <span class='ocrx_word' id='word_1_112' title='bbox 656 2215 789 2296; x_wconf 82' lang='lat' dir='ltr'>litteris,</span> <span class='ocrx_word' id='word_1_113' title='bbox 820 2215 890 2280; x_wconf 91' lang='lat' dir='ltr'>sine</span> <span class='ocrx_word' id='word_1_114' title='bbox 915 2215 1054 2297; x_wconf 85' lang='lat' dir='ltr'>iudicio,</span> <span class='ocrx_word' id='word_1_115' title='bbox 1084 2218 1126 2282; x_wconf 87' lang='lat' dir='ltr'>ad</span> 
     </span>
     <span class='ocr_line' id='line_1_19' title="bbox 175 2319 1128 2404; baseline 0.005 -22"><span class='ocrx_word' id='word_1_116' title='bbox 175 2319 371 2384; x_wconf 86' lang='lat' dir='ltr'>litterariam</span> <span class='ocrx_word' id='word_1_117' title='bbox 405 2320 645 2402; x_wconf 84' lang='lat' dir='ltr'>professionem</span> <span class='ocrx_word' id='word_1_118' title='bbox 682 2324 807 2386; x_wconf 90' lang='lat' dir='ltr'>temere</span> <span class='ocrx_word' id='word_1_119' title='bbox 843 2323 1022 2404; x_wconf 87' lang='lat' dir='ltr'>accedunt,</span> <span class='ocrx_word' id='word_1_120' title='bbox 1058 2325 1128 2387; x_wconf 91' lang='lat' dir='ltr'>tum</span> 
     </span>
     <span class='ocr_line' id='line_1_20' title="bbox 173 2426 1129 2510; baseline 0.002 -20"><span class='ocrx_word' id='word_1_121' title='bbox 173 2446 251 2490; x_wconf 88' lang='lat' dir='ltr'>vero</span> <span class='ocrx_word' id='word_1_122' title='bbox 276 2426 406 2507; x_wconf 90' lang='lat' dir='ltr'>perdita</span> <span class='ocrx_word' id='word_1_123' title='bbox 430 2427 572 2508; x_wconf 89' lang='lat' dir='ltr'>quadarn</span> <span class='ocrx_word' id='word_1_124' title='bbox 602 2428 741 2492; x_wconf 88' lang='lat' dir='ltr'>audacia</span> <span class='ocrx_word' id='word_1_125' title='bbox 766 2432 883 2508; x_wconf 87' lang='lat' dir='ltr'>poetas</span> <span class='ocrx_word' id='word_1_126' title='bbox 907 2429 1015 2510; x_wconf 85' lang='lat' dir='ltr'>ipsos,</span> <span class='ocrx_word' id='word_1_127' title='bbox 1045 2448 1129 2510; x_wconf 90' lang='lat' dir='ltr'>quos</span> 
     </span>
     <span class='ocr_line' id='line_1_21' title="bbox 176 2533 1127 2614; baseline 0.004 -20"><span class='ocrx_word' id='word_1_128' title='bbox 176 2533 290 2614; x_wconf 89' lang='lat' dir='ltr'>utique</span> <span class='ocrx_word' id='word_1_129' title='bbox 319 2552 386 2595; x_wconf 93' lang='lat' dir='ltr'>non</span> <span class='ocrx_word' id='word_1_130' title='bbox 415 2533 617 2602; x_wconf 73' lang='lat' dir='ltr'>intelliuunt.</span> <span class='ocrx_word' id='word_1_131' title='bbox 648 2535 870 2608; x_wconf 77' lang='lat' dir='ltr'>invertentes,</span> <span class='ocrx_word' id='word_1_132' title='bbox 903 2535 1127 2612; x_wconf 74' lang='lat' dir='ltr'>depravantes</span> 
     </span>
     <span class='ocr_line' id='line_1_22' title="bbox 174 2639 1128 2723; baseline 0.004 -22"><span class='ocrx_word' id='word_1_133' title='bbox 174 2639 285 2702; x_wconf 88' lang='lat' dir='ltr'>omnia</span> <span class='ocrx_word' id='word_1_134' title='bbox 302 2641 520 2718; x_wconf 85' lang='lat' dir='ltr'>confundunt,</span> <span class='ocrx_word' id='word_1_135' title='bbox 540 2641 645 2703; x_wconf 85' lang='lat' dir='ltr'>doctis</span> <span class='ocrx_word' id='word_1_136' title='bbox 667 2642 912 2723; x_wconf 84' lang='lat' dir='ltr'>professoribus</span> <span class='ocrx_word' id='word_1_137' title='bbox 937 2663 1002 2706; x_wconf 88' lang='lat' dir='ltr'>uon</span> <span class='ocrx_word' id='word_1_138' title='bbox 1022 2642 1128 2706; x_wconf 83' lang='lat' dir='ltr'>solum</span> 
     </span>
     <span class='ocr_line' id='line_1_23' title="bbox 174 2745 1130 2829; baseline 0.004 -21"><span class='ocrx_word' id='word_1_139' title='bbox 174 2765 210 2808; x_wconf 92' lang='lat' dir='ltr'>se</span> <span class='ocrx_word' id='word_1_140' title='bbox 233 2745 441 2828; x_wconf 84' lang='lat' dir='ltr'>praeferunt,</span> <span class='ocrx_word' id='word_1_141' title='bbox 473 2747 532 2809; x_wconf 91' lang='lat' dir='ltr'>sed</span> <span class='ocrx_word' id='word_1_142' title='bbox 561 2747 664 2810; x_wconf 90' lang='lat' dir='ltr'>etiam</span> <span class='ocrx_word' id='word_1_143' title='bbox 691 2748 849 2828; x_wconf 88' lang='lat' dir='ltr'>perfricta</span> <span class='ocrx_word' id='word_1_144' title='bbox 884 2747 992 2812; x_wconf 83' lang='lat' dir='ltr'>fronte</span> <span class='ocrx_word' id='word_1_145' title='bbox 1017 2749 1130 2829; x_wconf 90' lang='lat' dir='ltr'>palam</span> 
     </span>
     <span class='ocr_line' id='line_1_24' title="bbox 175 2851 1129 2933; baseline 0.003 -18"><span class='ocrx_word' id='word_1_146' title='bbox 175 2851 356 2915; x_wconf 85' lang='lat' dir='ltr'>detrabunt</span> <span class='ocrx_word' id='word_1_147' title='bbox 372 2851 591 2933; x_wconf 90' lang='lat' dir='ltr'>imbuuntque</span> <span class='ocrx_word' id='word_1_148' title='bbox 608 2851 745 2917; x_wconf 91' lang='lat' dir='ltr'>miseros</span> <span class='ocrx_word' id='word_1_149' title='bbox 763 2853 993 2917; x_wconf 88' lang='lat' dir='ltr'>adolescentes</span> <span class='ocrx_word' id='word_1_150' title='bbox 1014 2854 1129 2919; x_wconf 91' lang='lat' dir='ltr'>multis</span> 
     </span>
    </p>

    <p class='ocr_par' dir='ltr' id='par_1_4' title="bbox 89 2956 1130 3043">
     <span class='ocr_line' id='line_1_25' title="bbox 89 2956 1130 3043; baseline 0.002 -21"><span class='ocrx_word' id='word_1_151' title='bbox 89 2960 131 3022; x_wconf 84' lang='grc'>45</span> <span class='ocrx_word' id='word_1_152' title='bbox 177 2956 322 3039; x_wconf 74' lang='lat' dir='ltr'>ineptiiS,</span> <span class='ocrx_word' id='word_1_153' title='bbox 338 2977 481 3039; x_wconf 89' lang='lat' dir='ltr'>quarum</span> <span class='ocrx_word' id='word_1_154' title='bbox 501 2961 535 3021; x_wconf 89' lang='lat' dir='ltr'>ut</span> <span class='ocrx_word' id='word_1_155' title='bbox 551 2958 660 3022; x_wconf 90' lang='lat' dir='ltr'>obiter</span> <span class='ocrx_word' id='word_1_156' title='bbox 676 2960 846 3040; x_wconf 89' lang='lat' dir='ltr'>specimen</span> <span class='ocrx_word' id='word_1_157' title='bbox 863 2959 1009 3040; x_wconf 85' lang='lat' dir='ltr'>afferam,</span> <span class='ocrx_word' id='word_1_158' title='bbox 1023 2980 1130 3043; x_wconf 89' lang='lat' dir='ltr'>pauca</span> 
     </span>
    </p>

    <p class='ocr_par' dir='ltr' id='par_1_5' title="bbox 177 3063 1128 3147">
     <span class='ocr_line' id='line_1_26' title="bbox 177 3063 1128 3147; baseline 0.003 -21"><span class='ocrx_word' id='word_1_159' title='bbox 177 3063 350 3128; x_wconf 91' lang='lat' dir='ltr'>subiiciam</span> <span class='ocrx_word' id='word_1_160' title='bbox 374 3064 655 3147; x_wconf 89' lang='lat' dir='ltr'>potissimumque</span> <span class='ocrx_word' id='word_1_161' title='bbox 680 3086 719 3130; x_wconf 82' lang='lat' dir='ltr'>ex</span> <span class='ocrx_word' id='word_1_162' title='bbox 752 3065 907 3146; x_wconf 89' lang='lat' dir='ltr'>Baptista</span> <span class='ocrx_word' id='word_1_163' title='bbox 936 3068 1128 3130; x_wconf 88' lang='lat' dir='ltr'>Mantuano.</span> 
     </span>
    </p>
   </div>
   <div class='ocr_carea' id='block_1_3' title="bbox 245 3295 953 3522">
    <p class='ocr_par' dir='ltr' id='par_1_6' title="bbox 245 3295 953 3522">
     <span class='ocr_line' id='line_1_27' title="bbox 558 3295 640 3359; baseline 0.012 -1"><span class='ocrx_word' id='word_1_164' title='bbox 558 3295 640 3359; x_wconf 86' lang='lat' dir='ltr'>LIX.</span> 
     </span>
     <span class='ocr_line' id='line_1_28' title="bbox 245 3433 953 3522; baseline 0.004 -20"><span class='ocrx_word' id='word_1_165' title='bbox 245 3434 377 3503; x_wconf 83' lang='lat' dir='ltr'>Locus</span> <span class='ocrx_word' id='word_1_166' title='bbox 402 3452 452 3503; x_wconf 87' lang='lat' dir='ltr'>ex</span> <span class='ocrx_word' id='word_1_167' title='bbox 474 3433 670 3504; x_wconf 87' lang='lat' dir='ltr'>Bucolicis</span> <span class='ocrx_word' id='word_1_168' title='bbox 694 3435 916 3506; x_wconf 83' lang='lat' dir='ltr'>Mantuani.</span> <span class='ocrx_word' id='word_1_169' title='bbox 927 3437 953 3522; x_wconf 86' lang='lat'>¹)</span> 
     </span>
    </p>
   </div>
   <div class='ocr_carea' id='block_1_4' title="bbox 176 3595 1129 4086">
    <p class='ocr_par' dir='ltr' id='par_1_7' title="bbox 176 3595 1129 4086">
     <span class='ocr_line' id='line_1_29' title="bbox 264 3595 1129 3679; baseline 0.003 -21"><span class='ocrx_word' id='word_1_170' title='bbox 264 3598 387 3659; x_wconf 91' lang='lat' dir='ltr'>Versus</span> <span class='ocrx_word' id='word_1_171' title='bbox 423 3600 472 3659; x_wconf 87' lang='lat' dir='ltr'>est</span> <span class='ocrx_word' id='word_1_172' title='bbox 509 3595 599 3678; x_wconf 87' lang='lat' dir='ltr'>apud</span> <span class='ocrx_word' id='word_1_173' title='bbox 630 3596 818 3679; x_wconf 87' lang='lat' dir='ltr'>Baptistarrr</span> <span class='ocrx_word' id='word_1_174' title='bbox 848 3598 1066 3662; x_wconf 85' lang='lat' dir='ltr'>llantuanum</span> <span class='ocrx_word' id='word_1_175' title='bbox 1095 3598 1129 3661; x_wconf 93' lang='lat' dir='ltr'>in</span> 
     </span>
     <span class='ocr_line' id='line_1_30' title="bbox 177 3701 345 3767; baseline 0.018 -3"><span class='ocrx_word' id='word_1_176' title='bbox 177 3701 345 3767; x_wconf 87' lang='lat' dir='ltr'>Candido:</span> 
     </span>
     <span class='ocr_line' id='line_1_31' title="bbox 201 3807 1127 3892; baseline 0.002 -20"><span class='ocrx_word' id='word_1_177' title='bbox 201 3809 296 3887; x_wconf 85' lang='lat' dir='ltr'>„Non</span> <span class='ocrx_word' id='word_1_178' title='bbox 309 3809 458 3891; x_wconf 91' lang='lat' dir='ltr'>patinam</span> <span class='ocrx_word' id='word_1_179' title='bbox 468 3807 592 3889; x_wconf 84' lang='lat' dir='ltr'>Aesopi</span> <span class='ocrx_word' id='word_1_180' title='bbox 604 3807 711 3872; x_wconf 87' lang='lat' dir='ltr'>tameo</span> <span class='ocrx_word' id='word_1_181' title='bbox 727 3811 920 3892; x_wconf 87' lang='lat' dir='ltr'>clypeumve</span> <span class='ocrx_word' id='word_1_182' title='bbox 930 3811 1127 3874; x_wconf 80' lang='lat' dir='ltr'>llinervae.“</span> 
     </span>
     <span class='ocr_line' id='line_1_32' title="bbox 176 3913 1129 3998; baseline 0.001 -20"><span class='ocrx_word' id='word_1_183' title='bbox 176 3913 264 3991; x_wconf 89' lang='lat' dir='ltr'>Quid</span> <span class='ocrx_word' id='word_1_184' title='bbox 304 3933 404 3997; x_wconf 87' lang='lat' dir='ltr'>super</span> <span class='ocrx_word' id='word_1_185' title='bbox 440 3936 479 3980; x_wconf 91' lang='lat' dir='ltr'>eo</span> <span class='ocrx_word' id='word_1_186' title='bbox 514 3914 748 3997; x_wconf 79' lang='lat' dir='ltr'>glossularius,</span> <span class='ocrx_word' id='word_1_187' title='bbox 784 3916 841 3998; x_wconf 93' lang='lat' dir='ltr'>qui</span> <span class='ocrx_word' id='word_1_188' title='bbox 866 3916 964 3998; x_wconf 87' lang='lat' dir='ltr'>vulgo</span> <span class='ocrx_word' id='word_1_189' title='bbox 988 3917 1129 3980; x_wconf 91' lang='lat' dir='ltr'>circum-</span> 
     </span>
     <span class='ocr_line' id='line_1_33' title="bbox 917 4023 939 4086; baseline 0 0"><span class='ocrx_word' id='word_1_190' title='bbox 917 4023 939 4086; x_wconf 81' lang='lat'>4</span> 
     </span>
    </p>
   </div>
   <div class='ocr_carea' id='block_1_5' title="bbox 0 0 1402 4366">
    <p class='ocr_par' dir='ltr' id='par_1_8' title="bbox 0 0 1402 4366">
     <span class='ocr_line' id='line_1_34' title="bbox 0 0 1402 4366; baseline 0 0"><span class='ocrx_word' id='word_1_191' title='bbox 0 0 1402 4366; x_wconf 95' lang='lat' dir='ltr'> </span> 
     </span>
    </p>
   </div>
  </div>
 </body>
</html>
