2632 4718
622 562 844 631 -50-

207 741 249 806 70
294 742 336 820 et,
361 760 436 805 cum
460 738 526 806 iam
551 741 677 807 clarum
700 742 877 807 meruisset
903 741 992 808 inter
1014 744 1183 826 patronos,
1207 744 1267 827 qui

299 848 379 913 tunc
408 853 514 926 erant,
544 867 676 930 nomen,
704 849 739 914 in
768 848 883 915 Asiam
906 849 1071 932 navigavit
1099 869 1204 934 seque
1234 854 1268 916 et

294 955 368 1020 aliis
392 955 463 1019 sine
488 954 588 1022 dubio
605 956 813 1040 eloquentiae
831 976 869 1022 ac
885 956 1070 1039 sapientiae
1085 957 1265 1040 magistris,

291 1062 351 1126 sed
366 1061 545 1145 praecipue
557 1064 669 1128 tamen
680 1063 859 1146 Apollonio
871 1064 1005 1141 Moloni,
1021 1084 1122 1148 quem
1134 1064 1265 1130 Romae

295 1189 429 1252 quoque
445 1171 581 1247 adierat,
599 1170 711 1235 Rhodi
728 1191 843 1236 rursus
860 1172 1108 1238 reformandum
1123 1191 1162 1236 ac
1173 1173 1266 1237 velut

205 1275 246 1341 75
294 1278 541 1358 recoquendum
565 1276 687 1342 dedit.“
720 1279 842 1343 Verum
866 1298 908 1343 ne
930 1279 971 1343 de
988 1278 1111 1344 nostris
1126 1278 1264 1345 omnino

292 1383 375 1447 nihil
407 1383 529 1464 dicam,
560 1404 635 1449 cunr
663 1385 890 1469 exemplorum
918 1386 1019 1469 plena
1047 1385 1113 1450 sint
1140 1385 1265 1467 omnia,

294 1489 431 1555 Orosius
456 1487 674 1577 Hispanus,⁷)
705 1495 742 1556 ut
770 1491 900 1558 animae
924 1492 1088 1558 rationem
1110 1492 1264 1573 disceret,

291 1596 438 1679 primum
461 1598 503 1663 ad
530 1597 767 1680 Augustinum,
800 1599 920 1664 deinde
951 1600 994 1665 ad
1022 1599 1266 1683 Hieronymum

292 1704 484 1787 longissimo
523 1707 557 1771 et
594 1725 694 1789 quarn
728 1707 893 1771 laborioso
927 1706 1047 1772 itinere
1081 1707 1263 1772 contendit.

204 1813 248 1877 80
294 1812 361 1877 Sed
388 1813 421 1877 et
452 1813 523 1896 ipse
552 1812 792 1895 Hieronymus,
827 1833 894 1879 non
929 1816 1107 1879 contentus
1135 1814 1264 1879 Rornae

293 1920 425 1984 audisse
456 1918 663 1985 Victorinum
697 1920 863 1984 rhetorem
891 1921 926 1984 et
954 1921 1122 1986 Donatum
1153 1940 1263 2002 gram-

292 2027 458 2105 maticum,
483 2025 807 2109 Constantinopolim
829 2026 997 2109 profectus
1021 2028 1082 2108 est,
1105 2027 1164 2093 ubi
1180 2027 1264 2092 Gre-

294 2134 423 2216 gorium
446 2133 690 2198 Nazianzenum
712 2133 748 2198 in
771 2135 874 2198 saeris
898 2133 1018 2198 litteris
1034 2135 1151 2200 habuit
1166 2155 1264 2218 prae-

294 2243 472 2323 ceptorem.
519 2240 748 2323 Apollinarem
787 2261 920 2324 quoque
959 2239 1158 2306 Antiochiae
1197 2244 1264 2307 fre-

231 2346 246 2367 *
296 2352 436 2429 quenter
464 2347 589 2413 audivit
618 2349 666 2427 et,
700 2349 779 2412 dum
810 2348 877 2412 iam
909 2367 991 2414 cano
1021 2350 1111 2413 esset
1141 2349 1263 2432 capite,

295 2455 531 2520 Alexandriam
554 2455 716 2538 perrexit,
748 2457 786 2519 ut
816 2476 835 2520 a
863 2455 1001 2536 Didymo
1030 2474 1128 2520 caeco
1151 2454 1187 2519 in
1210 2475 1264 2520 sa-

294 2561 438 2644 pientiae
456 2562 576 2626 studiis
593 2563 695 2644 magis
712 2561 907 2626 erudiretur.
933 2563 1053 2627 Postea
1066 2561 1262 2626 Bethlehem

296 2689 449 2734 reversus
462 2669 644 2734 Hebraicas
661 2671 786 2735 litteras
803 2673 966 2735 nocturno
981 2672 1131 2752 ternpore
1147 2668 1263 2734 furtim

296 2776 420 2841 didicit.
468 2777 619 2841 Timebat
643 2777 731 2841 enim
754 2777 792 2858 is,
816 2777 875 2860 qui
898 2778 1049 2857 docebat,
1080 2796 1122 2841 ne
1145 2775 1262 2841 Judaei

207 2884 250 2948 90
294 2884 513 2949 resciscerent
536 2889 571 2950 et
594 2884 629 2947 in
653 2905 688 2949 se
712 2884 786 2949 ideo
810 2884 1029 2949 desaevirent.

678 3150 793 3214 xviii.

208 3326 364 3398 Vanam
394 3344 481 3396 esse
510 3343 647 3395 eorum
678 3326 920 3414 opinionem,
956 3325 1025 3414 qui
1050 3324 1195 3394 liberos
1223 3323 1265 3393 in

208 3434 352 3505 celebri
374 3433 472 3503 urbe
488 3438 615 3516 natos
639 3433 709 3503 ubi
723 3433 944 3502 litterarum
960 3431 1094 3501 studia
1109 3431 1262 3516 florent,

268 3542 344 3612 alio
368 3560 491 3611 causa
512 3541 672 3611 maioris
695 3541 899 3629 profectus
923 3539 1209 3609 transmittunt.

233 3741 247 3805 1
296 3739 355 3803 Est
379 3740 479 3822 igitur
511 3738 619 3803 bonus
649 3741 845 3822 praeceptor
873 3738 925 3802 rel
954 3737 1118 3802 laborioso
1146 3736 1265 3801 itinere

297 3847 526 3929 quaerendus3
550 3848 644 3929 pueri
669 3851 781 3911 tamen
805 3847 840 3910 in
864 3846 985 3910 celebri
1008 3846 1089 3910 urbe
1106 3844 1184 3923 nati,
1209 3843 1266 3908 ubi

297 3954 405 4018 clarus
429 3954 583 4036 magister
606 3954 805 4019 litteratorio
830 3954 908 4019 ludo
926 3955 1069 4036 praeest„
1093 3972 1160 4017 non
1177 3953 1266 4031 suut,

297 4060 493 4143 praesertim
516 4061 551 4125 in
567 4063 682 4125 tenera
698 4064 816 4139 aetate,
840 4065 877 4124 ut
893 4061 1020 4125 litteras
1038 4060 1177 4135 discant,
1201 4057 1266 4124 alio

231 4167 251 4234 5
297 4167 458 4234 mittendi.
506 4168 599 4245 Quae
623 4169 712 4232 enim
736 4167 877 4232 stultitia
900 4169 960 4246 est,
985 4186 1058 4231 curn
1083 4165 1173 4231 domi
1196 4164 1266 4230 sili·
