2632 4718
390 1364 392 1368 ’
473 1390 658 1464 aruer
696 1344 777 1462 1v.'

206 1554 274 1643 De
306 1551 558 1642 virtutibus
591 1564 636 1640 et
668 1552 759 1639 line
795 1549 1037 1647 bonorum,

610 1783 635 1847 Ι.

338 1921 401 1992 Ad
423 1921 683 2010 Rudolphum
705 1921 912 2011 Langium.

111 2091 127 2151 l
154 2085 187 2151 Α
210 2089 243 2151 te
267 2083 481 2167 principium,
505 2083 564 2148 libi
590 2083 728 2159 desinet,
751 2084 885 2162 inclute,
910 2087 1012 2163 rates,

202 2192 305 2257 Dulce
330 2192 432 2256 decus
456 2189 544 2255 ritae
567 2190 838 2274 praesidiumque
864 2212 966 2256 meae.

157 2298 234 2363 Non
257 2298 375 2378 merui,
399 2295 513 2370 fateor,
537 2316 653 2360 verum
678 2298 736 2361 tua
760 2297 901 2362 eandida
924 2297 1032 2361 virtus

201 2405 254 2469 llle
277 2403 370 2467 iuvat
393 2405 428 2466 et
452 2402 562 2467 stabili
586 2402 695 2467 cordis
719 2422 830 2468 amore
856 2405 954 2468 foret.

110 2515 131 2576 5
157 2511 344 2592 Paupertas
368 2508 443 2574 aliis
468 2508 566 2573 nimis
590 2511 640 2573 est
664 2509 778 2574 odiosa
803 2510 967 2591 superbis

202 2615 323 2682 Nobile
346 2616 404 2697 qui
428 2616 553 2680 clarum
578 2614 625 2678 nil
649 2615 712 2679 nisi
737 2617 879 2680 stemma
903 2619 1041 2699 putant3

157 2721 207 2784 'l'e
230 2722 321 2806 capit
344 2721 508 2804 ingenuae
531 2720 604 2784 sine
629 2723 704 2787 lueo
728 2722 850 2785 mentis
875 2726 991 2803 aperta

202 2827 591 2910 SimplicitaS,strrdiu1n
616 2831 653 2892 tu
677 2827 851 2909 probitatis
876 2849 967 2893 amas

159 2934 283 3000 Nostra
306 2955 369 2999 nee
393 2933 493 2998 odisti
518 2934 588 2998 rire
613 2935 654 2998 de
678 2955 826 3017 paupere
851 2935 925 2999 susa

88 3044 133 3106 10
203 3039 371 3119 Carmina,
396 3040 497 3105 Pierii
522 3040 626 3122 gloria
650 3061 779 3104 summa
804 3042 906 3106 elrori.

158 3147 327 3211 Emeritus
351 3147 443 3211 senio
467 3167 597 3211 summa
621 3167 696 3210 eum
721 3149 820 3211 laude
846 3152 944 3230 poeta

203 3252 411 3318 Castalidum
435 3253 562 3334 templo
586 3253 715 3334 plectra
738 3254 908 3336 lyramque
932 3254 1046 3332 refers

159 3360 233 3438 Qua
257 3379 363 3424 novus
386 3358 563 3440 ingrediar,
587 3360 645 3423 sed
671 3361 703 3422 te
727 3360 810 3423 duce
835 3361 953 3425 semita
977 3365 1116 3438 constat,

203 3465 257 3530 Ad
280 3467 358 3547 iuga
382 3464 545 3548 praecelsi
570 3463 637 3528 sers
662 3465 831 3530 Heliconis
855 3488 962 3550 opem.

95 3573 136 3637 15
161 3571 316 3637 Hortaris
340 3571 494 3635 iuvenem
519 3590 615 3636 verae
638 3571 770 3635 virtutis
794 3573 836 3636 ad
860 3593 977 3650 arcem,

204 3677 351 3760 Carpere
377 3675 546 3741 difficilem
572 3680 605 3741 te
630 3678 714 3742 duee
738 3680 830 3742 tento
855 3679 949 3744 riam.

160 3784 240 3849 Sola
263 3787 377 3848 munet
400 3785 519 3860 virtus
544 3783 701 3848 labuntur
725 3788 834 3849 cetera
859 3806 1028 3869 (praequez

204 3891 357 3970 Divitiae,
382 3890 481 3967 vires
506 3892 603 3967 fama,
628 3891 774 3967 iuventa,
800 3893 906 3957 decor.

160 3996 259 4062 Troia
281 3995 345 4060 fuit
370 3997 521 4078 Phrygiis
546 3997 626 4060 urbs
650 3997 894 4077 spectatissima
918 4000 1024 4079 tonia,

93 4105 136 4167 20
205 4102 271 4166 Sed
294 4104 358 4169 cito
384 4106 425 4167 de
450 4107 543 4168 tanto
568 4104 712 4167 eulmine
737 4106 839 4168 strata
864 4105 939 4168 ruit.

161 4208 294 4273 Corruit
318 4213 350 4274 et
373 4210 532 4287 Babylon,
558 4211 624 4274 lato
649 4211 854 4274 circumdata
879 4231 981 4286 narro,

206 4315 341 4381 Deliciis
366 4318 535 4400 (prendant
559 4316 756 4397 luxuriaque
781 4319 907 4395 lluens3

942 4423 986 4489 7*
