2632 4718
72 39 1310 360 u

600 711 843 775 —1102—

695 880 748 951 IX.

190 1029 254 1100 Ad
276 1028 539 1101 clarissimum
565 1027 746 1117 regulum
775 1031 815 1098 et
833 1027 1056 1117 principem
1077 1027 1257 1099 illustris·

191 1136 335 1206 simum
358 1134 697 1224 fortissimumque
718 1133 915 1218 carolum,
939 1134 1095 1205 Galliae
1117 1135 1257 1206 Iuliae·

303 1261 381 1331 que
405 1241 549 1312 ducem
572 1259 620 1312 ao
642 1240 829 1312 comitem
852 1240 1144 1330 zutphaniae.¹)

558 1365 619 1435 De
643 1365 886 1436 fortitudine.

216 1534 231 1594 l
259 1528 478 1612 Grandiloqui
501 1532 595 1594 rates
618 1528 739 1593 heroas
763 1528 805 1592 ad
829 1530 919 1593 astra
942 1528 1090 1592 tulerunt

304 1636 345 1699 nt
368 1637 506 1700 vetuere
528 1634 611 1699 tuba
634 1632 904 1716 carminibusque
928 1632 1021 1714 mori,

260 1743 357 1821 Quod
380 1741 487 1808 varios
510 1740 683 1806 hominum
707 1759 816 1804 mores
840 1760 972 1818 novere,
997 1741 1087 1823 quod
1111 1742 1212 1805 urbes

302 1848 464 1913 Viderunt
487 1847 594 1913 varias
619 1867 679 1912 nec
703 1846 844 1912 timuere
868 1847 965 1911 mala.

215 1957 234 2020 5
259 1957 314 2020 Sic
338 1954 432 2037 epico
457 1955 614 2019 meritum
637 1954 775 2036 plectro,
799 1953 982 2018 clarissime
1005 1955 1173 2037 princepe,

303 2062 351 2126 Te
375 2080 529 2126 canerem
553 2060 668 2124 laudes
693 2057 942 2143 digereremque
965 2063 1051 2138 tuas,

259 2170 336 2244 Sed,
349 2166 507 2250 quoniam
531 2166 625 2231 rudis
641 2166 724 2230 haec
748 2169 827 2230 sunt
849 2168 959 2249 prima
974 2168 1124 2248 pericula
1141 2187 1258 2247 venae,

305 2273 462 2339 Materiae
485 2276 595 2337 tantae
619 2275 855 2355 promereatur
878 2293 971 2339 onus.

259 2382 400 2461 Interea,
425 2381 530 2444 donec
555 2380 666 2444 veniat
690 2379 850 2444 maturior
874 2383 976 2456 aetas,

195 2489 237 2552 10
304 2486 483 2552 Ollerimus
508 2487 606 2551 fronti
631 2487 770 2568 parvula
794 2487 881 2551 dona
905 2489 990 2551 luae.

259 2593 424 2659 Nobilitas
447 2592 577 2676 generis
602 2593 706 2656 claras
731 2593 882 2657 accondit
906 2595 948 2657 ad
971 2596 1060 2657 artos

304 2699 471 2781 Sanguine
496 2703 530 2767 te
554 2698 679 2762 Batavo
703 2698 940 2782 Borbonioque
965 2702 1084 2763 saturn.

260 2807 361 2871 Laeta
384 2811 459 2870 tuos
484 2808 576 2870 ortus
600 2807 633 2869 et
656 2825 758 2869 cunas
783 2805 896 2869 Gelria
918 2806 1010 2883 vidit,

304 2913 379 2976 Non
403 2911 562 2976 dubitans
587 2913 689 2977 festos
714 2913 948 2976 concelebrare
973 2913 1054 2976 dies.

197 3023 235 3084 15
260 3019 307 3083 Te
332 3020 480 3100 locuples
504 3038 646 3100 puerum
670 3017 854 3083 Brabanlia
877 3019 968 3082 novit
992 3020 1162 3083 alumnum

303 3127 345 3190 Et
370 3125 613 3208 praenobilium
638 3124 796 3189 Flandria
819 3124 910 3189 diros
934 3146 1045 3207 opurn,

260 3233 333 3308 Qua
357 3231 625 3312 consanguineus
649 3251 866 3312 magnacum
890 3232 989 3296 laude
1015 3231 1190 3314 Philippus

304 3339 459 3421 Imperat,
484 3337 646 3401 invictum
670 3340 986 3420 magnanimumque
1010 3358 1123 3419 genus,

261 3444 419 3526 Egregiae
443 3445 537 3508 cuius
561 3445 688 3526 genitor
713 3446 845 3509 virtutis
870 3445 1043 3509 abundans

194 3552 237 3615 20
305 3552 475 3616 Romanas
499 3551 605 3613 solido
630 3550 702 3614 iure
726 3551 892 3631 gubernat
914 3571 1004 3633 opes.

259 3657 304 3721 At
329 3677 370 3720 nc
394 3656 521 3721 desidia
544 3657 645 3720 rebus
670 3657 850 3721 maioribus
873 3661 972 3740 aptus

308 3764 484 3846 'lorperes
509 3781 670 3844 superum
694 3765 780 3827 earit
804 3765 845 3828 ab
870 3784 945 3829 arce
970 3765 1062 3828 deus

261 3871 311 3936 Ne
336 3874 392 3934 tua
417 3869 609 3933 diffluerent
633 3870 746 3935 inlami
771 3874 907 3952 pectora
931 3872 1020 3951 luxu,

305 3977 334 4040 A
359 3976 483 4041 teneris
508 3975 604 4040 annis
627 3996 700 4041 sors
725 3979 786 4041 tibi
812 3979 895 4043 dura
918 3978 990 4042 luit.

195 4086 236 4148 25
261 4084 392 4148 Clarius
416 4084 530 4149 illucet
554 4083 713 4147 discussis
738 4085 883 4149 nubibus
908 4105 989 4149 aura

306 4190 402 4269 Solis,
426 4194 459 4255 et
483 4193 533 4254 ost
557 4190 655 4255 solito
679 4191 804 4272 gratior
827 4193 899 4255 eius
923 4192 1040 4254 honor.

72 4340 147 4400 ι
259 4297 396 4364 Dulcior
421 4300 471 4361 est
495 4300 611 4381 portus
636 4298 794 4362 diuturna
817 4297 964 4382 pericula
988 4299 1105 4380 passis,
