2632 4718
815 391 819 401 ฮน

509 705 729 777 ...15..

88 891 136 956 45
161 889 256 969 Quid
279 891 422 956 referam
444 909 602 973 magnum
627 889 779 955 Thebani
802 892 952 973 tempore
977 891 1063 973 regis
1074 890 1102 977 8)

213 996 382 1062 Diluvium
406 997 441 1061 et
463 1016 580 1062 saevas
604 997 815 1061 Deucalionis
839 997 964 1080 aquas?

160 1105 237 1170 Non
262 1104 374 1169 fuerat
396 1104 485 1169 celsa
507 1103 638 1168 iuvenis
663 1103 849 1188 Pellaeusl)
872 1104 907 1168 in
930 1105 1008 1168 aula

212 1210 334 1290 Tutus,
359 1209 442 1292 quin
466 1210 589 1291 Stygiis
614 1208 806 1275 inficeretur
829 1209 935 1291 aquis.

160 1317 256 1394 Quae
279 1317 386 1381 dulcis
410 1320 527 1394 mater,
550 1335 636 1398 quae.
660 1315 923 1381 clementissima
948 1316 1063 1397 fertur,

93 1426 142 1488 50
211 1423 317 1488 Terra
340 1423 442 1487 etiam
467 1423 565 1487 nobis
589 1424 733 1488 maxima
757 1425 878 1487 damna
902 1422 988 1487 lacit.

161 1530 303 1609 Urticas,
327 1528 432 1593 filices
457 1532 489 1593 et
515 1527 704 1613 Ponticam)
727 1531 877 1611 gramina
900 1529 1033 1612 profert,

215 1635 401 1701 Mortiferas
425 1638 520 1700 taxos
544 1639 646 1718 atque
670 1637 800 1701 aconita
822 1637 937 1700 nutrit.

161 1743 239 1807 Non
261 1742 332 1807 sine
356 1742 488 1807 cultura
511 1742 665 1807 Cererem
691 1742 828 1824 largitur
852 1745 885 1806 et
909 1763 1001 1821 uvas,

214 1849 321 1913 Noxia
343 1867 499 1930 quaeque
523 1868 585 1913 sua
609 1852 730 1931 sponte
754 1848 926 1929 profundit
950 1849 1081 1913 liumus.

95 1958 141 2021 55
167 1955 257 2032 Quid
281 1955 389 2019 varias
405 1974 585 2019 memorem
604 1957 777 2036 serpentes
802 1958 1017 2037 monstraque
1036 1956 1149 2032 mulla,

216 2060 338 2126 Nostra
362 2061 486 2143 quibus
509 2081 684 2144 nunquam
707 2064 759 2126 est
783 2081 849 2125 non
873 2061 987 2125 odiosa
1012 2062 1124 2126 salus?

162 2168 268 2232 Terra
291 2168 380 2251 parit
403 2168 529 2234 ferrum
552 2167 707 2249 ferroque
731 2169 905 2232 nocentius
929 2188 1058 2247 aurum,

213 2274 288 2352 Quo
311 2274 402 2338 venit
425 2274 461 2337 in
484 2276 617 2338 nostras
642 2294 730 2338 mors
754 2276 932 2357 properata
956 2276 1081 2338 domos.

159 2381 303 2445 Exhalat
326 2382 462 2459 taetros,
487 2380 608 2462 quibus
632 2389 689 2444 aer
713 2382 835 2460 sordet,
859 2381 988 2461 odores,

95 2490 141 2553 60
211 2486 405 2569 Corrumpit
429 2488 544 2551 dulces
567 2490 669 2569 alque
693 2491 836 2551 venenat
860 2508 972 2570 aquas.
1036 2496 1042 2507 '

160 2593 252 2670 Quin
276 2594 375 2658 etiam
400 2613 535 2657 carnem
559 2597 652 2658 vorat
676 2592 904 2658 insaturabilis
928 2614 1071 2674 omnem,

211 2699 373 2781 Quaeque
397 2701 511 2775 nutrit,
536 2720 667 2764 rursum
692 2699 755 2765 lert
779 2701 936 2764 alimenta
961 2701 1034 2764 sibi.

588 3020 641 3084 VI.

249 3155 313 3225 Ad
335 3156 630 3226 Theodoricum
643 3160 668 3243 ยน)
691 3157 972 3228 Suivelensem.

310 3281 371 3352 De
396 3282 488 3352 letis
512 3286 553 3351 et
576 3282 640 3351 dei
662 3283 921 3370 providentia.

124 3447 136 3506 l
167 3442 264 3519 Sunt,
288 3442 347 3525 qui
370 3443 516 3507 fortuitis
540 3444 657 3526 agitari
682 3444 813 3508 casibus
837 3447 951 3509 orbern

210 3548 280 3614 Nec
303 3552 403 3614 certis
427 3551 610 3632 quidquam
635 3551 762 3633 legibus
787 3552 834 3614 irc
859 3555 988 3634 putant.

160 3654 206 3718 At
229 3655 364 3740 sapiens
387 3677 491 3721 vanas
514 3657 589 3739 quis
613 3678 691 3738 non,
716 3658 933 3739 Tlrcodorice,
958 3663 1087 3722 mentes

211 3761 254 3824 Et
277 3763 404 3827 rabida
419 3783 534 3827 caecas
559 3763 728 3846 impietate
752 3765 865 3829 ridet?

118 3869 138 3931 5
165 3868 246 3932 rata
270 3871 390 3950 regunt
414 3871 527 3934 orbem
554 3873 587 3933 et
611 3872 753 3935 fatorum
780 3871 940 3935 maximus
966 3875 1090 3946 ariolor,

211 3974 350 4057 Absque
375 3976 438 4039 deo
458 3980 497 4047 ,et
521 3996 621 4040 causa
644 3978 757 4058 prodit
782 3978 907 4058 ubique
931 3977 1022 4041 nihil.

161 4080 235 4145 Non
259 4081 348 4146 cadit
371 4081 405 4145 in
431 4084 554 4146 terram
579 4084 694 4148 lolium
718 4084 790 4146 sinc
816 4084 953 4147 numine
977 4084 1075 4162 regis,

209 4187 280 4251 Nec
304 4187 420 4271 rapido
445 4189 547 4252 levior
570 4190 704 4254 flamine
729 4190 843 4272 pluma
866 4190 964 4254 volat.

160 4292 273 4357 lntlnit
297 4295 332 4358 in
357 4297 509 4359 nostrum
534 4297 616 4359 coeli
641 4296 689 4359 ris
713 4297 816 4360 ardua
840 4297 1012 4371 mundum,
