2632 4718
565 1341 855 1413 Libum.

181 1501 248 1588 De
286 1501 533 1590 duodecim
578 1504 828 1623 spiritualis
865 1534 1049 1623 pugnae
1087 1505 1239 1592 armis.

697 1730 721 1795 Ι.

423 1869 486 1939 Ad
508 1869 767 1958 Rudolphum
789 1869 995 1958 Langium.

300 1993 420 2087 Quod
441 1998 652 2082 poctarum
676 1994 783 2064 fama
804 1994 857 2063 sit
878 1994 1123 2065 immortalis.

205 2159 216 2218 l
246 2157 458 2238 Quamquam
486 2176 559 2219 sum
589 2175 733 2238 pauper,
769 2176 973 2237 quamquam
1004 2157 1044 2220 de.
1080 2158 1240 2239 sauguine

963 2263 1081 2344 plebis,

289 2369 484 2433 Mansurum
508 2389 628 2434 nomeu
652 2388 759 2450 spero,
786 2369 973 2450 liudolpho
999 2389 1118 2432 meum.

246 2475 332 2539 Sunt
354 2495 416 2556 pro
440 2475 565 2541 divitiis
589 2475 667 2539 mihi
693 2476 772 2540 clari
796 2496 933 2540 munera
959 2476 1093 2552 Phoebi,

291 2582 454 2648 Nobilitat
478 2584 597 2648 samam
623 2583 791 2664 Calliopea
816 2583 939 2647 sarens.

203 2693 221 2751 :i
246 2688 406 2770 Quisquis
430 2694 517 2753 arnat
541 2690 662 2759 Musas.
687 2689 821 2771 longum
846 2689 909 2752 sibi
931 2692 1087 2770 prorogat
1111 2709 1241 2767 uerum,

290 2796 458 2860 Emetitur
481 2797 609 2878 vulgus
635 2801 739 2860 morte
764 2800 862 2878 poeta
886 2799 985 2860 caret.

248 2902 302 2966 Nil
326 2904 461 2969 brevius
485 2904 599 2971 forma.
625 2903 707 2986 sugit
730 2904 894 2967 insincera
917 2903 1083 2985 voluptas

291 3010 457 3075 Fortunae
481 3014 633 3092 pereuut.
659 3012 803 3076 maxima
827 3029 927 3092 regua
951 3013 1066 3087 ruuut3

246 3117 329 3181 Orta
352 3117 486 3187 cadunt,
510 3117 619 3199 iuquit
643 3116 871 3201 Sallustium),
896 3118 993 3179 auctu
1017 3117 1206 3180 senescunt.

185 3225 222 3287 to
290 3223 344 3287 Ad
368 3223 468 3288 tinem
494 3227 672 3307 properarit
699 3225 789 3288 edita
813 3243 965 3305 quaeque
990 3240 1095 3285 suum.

246 3329 314 3399 Dic,
339 3330 395 3394 ubi
423 3332 611 3412 pyramides
637 3349 725 3394 nunc
749 3333 837 3401 suut,
861 3327 1072 3411 Memphitica
1095 3328 1203 3400 telius,

289 3435 357 3503 Dic¹
385 3436 440 3501 ubi
464 3440 541 3500 suut
565 3457 666 3512 arces
691 3436 789 3501 Troia
813 3436 967 3516 superba,
990 3434 1089 3498 tuae?

247 3544 377 3607 Occidit
400 3549 431 3608 et
456 3544 577 3608 Nireus
588 3545 612 3623 ²)
638 3548 670 3608 et
695 3544 782 3608 bello
807 3543 902 3606 sortis
925 3541 1082 3611 Achilles,

292 3650 397 3714 Amris
420 3650 580 3714 invictum
605 3670 726 3713 nomeu
753 3649 919 3714 Homerus
944 3649 1061 3725 habetf,

184 3759 221 3818 15
248 3757 376 3821 Nomen
403 3758 569 3821 Homerus
594 3757 704 3831 habet,
730 3757 810 3839 quiu
836 3757 1027 3838 impertitur
1051 3758 1083 3817 et
1106 3754 1182 3827 illis,

291 3864 463 3927 Defurrctis
486 3866 588 3928 vitam
613 3865 758 3929 carmine
783 3863 938 3927 restituit.

246 3970 406 4052 Quisquis
430 3975 519 4035 aurat
543 3973 663 4045 Musas,
688 3971 820 4053 longum
845 3969 909 4033 sibi
933 3972 1090 4050 prorogat
1114 3987 1242 4041 uerum,

291 4077 460 4142 Emetitur
484 4078 610 4160 vulgus.
636 4080 740 4140 morte
764 4078 861 4159 poeta
884 4079 984 4139 caret.

247 4183 334 4247 Vivit
358 4185 465 4249 adhuc
490 4185 569 4249 felix
596 4183 730 4248 Ascraei
755 4183 911 4248 carminis
936 4183 1090 4262 auctoru>

181 4292 225 4355 20
291 4289 439 4356 Aonidas
464 4291 557 4356 lauro
581 4310 680 4372 quem
705 4291 879 4354 decorasse
903 4289 1025 4353 serunt.
