2632 4718
545 760 766 835 „45-

236 944 335 1011 Aimo
362 949 395 1010 et
424 947 525 1011 ceteri
549 946 692 1028 indigni,
726 947 784 1030 qui
812 947 1041 1027 nominentur,
1071 970 1188 1033 magna

150 1054 191 1114 10
239 1053 393 1117 mercede
417 1055 577 1118 docentes
605 1055 688 1118 nilril
713 1054 798 1119 seire
822 1057 880 1119 aut
903 1055 1087 1120 stultiorem
1114 1058 1189 1121 red·

237 1159 354 1222 dentes
379 1161 580 1242 discipulum
616 1180 715 1242 quam
741 1163 952 1242 acceperunt.

232 1439 294 1508 Ex
315 1440 574 1529 Apologetico
596 1338 803 1530 gargfflae
826 1442 1047 1512 Mantuani.
1056 1446 1082 1528 ¹)

327 1583 400 1647 Vidi
429 1585 608 1649 nonnullos
637 1605 677 1648 en
706 1584 847 1650 istorum
880 1605 1032 1662 numero,
1060 1587 1189 1670 quise,

236 1693 414 1771 postquam
438 1690 617 1754 Alexandri
642 1692 848 1771 grammatici
880 1694 913 1754 et
935 1691 1060 1775 Aesopi
1086 1694 1189 1758 versi-

236 1796 327 1858 culos
351 1796 515 1876 didicere,
550 1800 799 1862 consummatos
834 1799 1064 1880 grammaticos
1100 1800 1189 1864 arbi-

236 1904 375 1982 trentur,
400 1907 432 1966 et
455 1907 634 1986 postquam
658 1904 850 1969 dialectices
874 1906 906 1968 et
930 1905 1039 1986 legum
1063 1905 1189 1987 aliquid

171 2010 190 2071 5
238 2008 479 2085 addidicerant,
503 2030 539 2073 se
555 2011 695 2074 Solones
719 2013 752 2074 et
765 2010 969 2092 Chrysippos
986 2010 1188 2075 existiment.

238 2114 462 2193 Postmodum,
488 2136 562 2180 cum
587 2116 637 2180 rel
654 2115 833 2198 Augustini
850 2116 902 2180 rel
920 2116 1114 2197 Hieronymi
1136 2117 1189 2181 rel

240 2220 359 2285 Hilarii
384 2225 442 2285 aut
466 2223 603 2286 alterius
632 2242 672 2286 ex
696 2223 763 2301 his,
787 2223 845 2304 qui
870 2221 1022 2286 Latinam
1046 2222 1190 2303 linguam

240 2328 388 2402 tenuere,
401 2329 607 2410 profertur*)
622 2328 758 2410 aliquid,
771 2327 947 2407 haesitant,
960 2331 1081 2403 tacent,
1099 2348 1189 2392 mus-

236 2435 320 2505 sant,
338 2434 472 2497 audisse
489 2434 714 2514 dissimulant;
737 2435 847 2499 doceri
865 2434 980 2515 pudet,
1004 2433 1190 2514 ignorantia

150 2538 191 2601 10
236 2538 370 2602 cruciat.
429 2539 550 2604 Dicunt
586 2540 684 2604 aliam
719 2561 792 2604 esse
829 2560 936 2617 nune,
976 2540 1074 2603 aliam
1109 2543 1189 2604 tunc

236 2643 339 2708 fuisse
375 2646 632 2725 grammaticam.
689 2647 730 2709 Et
760 2666 835 2710 cum
867 2645 1001 2724 dicitur,
1037 2649 1189 2728 oportere

236 2750 338 2828 illam,
363 2771 449 2832 quae
474 2757 554 2816 tune
579 2754 661 2820 erat,
687 2771 753 2816 non
777 2751 932 2834 ignorari,
958 2752 1047 2833 quod
1071 2771 1189 2815 secun-

236 2856 315 2921 dum
347 2857 438 2921 illam
467 2860 656 2939 conscripta
691 2861 769 2922 sunt
800 2857 994 2938 Evangelia,
1029 2858 1123 2922 Pauli
1156 2861 1189 2922 et

235 2962 374 3027 aliorum
391 2964 633 3045 Apostolorum
659 2964 832 3045 epistolae,
857 2983 1051 3044 magnorum
1075 2965 1189 3028 docto-

149 3069 189 3130 15
236 3088 309 3132 rum
340 3069 425 3149 libri,
456 3071 514 3152 qui
547 3071 663 3152 utique
695 3070 801 3152 magni
832 3090 899 3134 non
936 3069 1092 3148 fuissent,
1124 3070 1188 3135 nisi

235 3176 336 3256 periti
354 3176 588 3258 grammaticae
611 3175 763 3249 luissent,
787 3177 988 3259 respondent
1012 3176 1091 3240 satis
1115 3197 1189 3241 esse

235 3301 365 3346 summa
389 3283 484 3364 sequi
502 3283 689 3367 fastigia**)
712 3303 822 3347 rerum
849 3285 883 3345 et
907 3302 1004 3346 suum
1021 3284 1187 3363 quoddam

236 3388 432 3453 Catlrolicon
446 3393 658 3470 venerantur,
676 3390 765 3471 quod
778 3389 932 3472 pluribus
948 3389 1073 3466 erratis,
1088 3409 1189 3471 quam

236 3496 361 3577 pardus
385 3496 523 3560 maculis
547 3517 720 3579 aspersum
744 3500 804 3560 est.

607 3674 632 3737 L
652 3675 662 3705 ⁷
681 3675 706 3737 Ι.

123 3776 240 3848 Unde
263 3778 461 3865 petendae
485 3778 565 3847 sint
582 3675 842 3866 etylritologiae
864 3780 904 3846 et
918 3795 1035 3846 verae
1052 3775 1188 3846 dictio-

213 3902 311 3952 num
334 3884 683 3972 interpretationes
707 3883 1106 3972 significationesque.

325 4011 550 4093 lltymologiae
582 4015 615 4075 et
647 4032 743 4075 rerae
776 4010 957 4075 dictionum
987 4012 1058 4072 tum
1086 4008 1188 4072 inter-

237 4117 457 4198 pretationes,
481 4121 552 4181 tum
566 4117 825 4198 significationes
842 4115 1053 4196 potissimum
1070 4116 1189 4196 peten-

214 4275 238 4344 *)
259 4277 292 4328 B:
317 4277 462 4344 proferunt.
483 4307 515 4314 —
535 4277 576 4341 ⁸⁸)
597 4277 617 4327 A
639 4277 672 4328 im
694 4277 761 4328 Text
778 4275 891 4343 uestigia
912 4275 954 4341 (so
978 4272 1045 4324 auch
1071 4273 1113 4324 dic
1140 4272 1189 4323 mir

127 4364 295 4436 vorliegemle
316 4365 595 4434 Baptista-Ausgatrel,
616 4381 667 4417 nas
687 4382 727 4417 arn
748 4364 857 4417 Selrluss
877 4362 1016 4432 trcriehtigt
1034 4362 1077 4418 ist.
