2632 4718
394 1288 595 1423 Elegiae
635 1291 860 1402 murales.

549 1525 709 1532 ——-

500 1642 686 1714 Liber
722 1642 754 1712 1.

263 1801 331 1889 De
368 1803 600 1891 humanae
632 1805 755 1892 vitae
789 1805 996 1893 miseriis,

618 2035 642 2098 1.

90 2173 158 2242 Ad
173 2172 432 2262 Rudolphum
447 2173 653 2263 Langium.
686 2172 746 2243 De
766 2174 923 2244 somnio
935 2174 1159 2246 Murmellii.

135 2339 145 2398 l
176 2335 260 2399 Cum
284 2355 453 2417 cuperem,
478 2333 592 2416 Langi,
616 2335 802 2399 Germanae
825 2335 930 2418 gloria
954 2339 1073 2415 terrae,

225 2441 356 2524 Aspera
379 2440 542 2507 nobilium
566 2441 712 2506 scribere
736 2443 825 2507 bella
848 2445 979 2521 ducum,

175 2550 256 2613 Post
279 2549 386 2612 varias
410 2566 546 2612 somnus
570 2566 666 2612 curas
690 2548 860 2624 successit,
885 2554 919 2613 et
943 2549 1031 2612 inter

229 2655 364 2719 Somnia
388 2654 434 2718 mi
458 2654 590 2719 Clarius
603 2655 627 2738 ¹)
650 2656 742 2719 risus
766 2656 883 2719 adesse
908 2656 999 2720 deus.

130 2764 151 2824 5
179 2761 287 2839 „Quid
301 2761 400 2826 tacis“
422 2761 608 2845 increpitat,
629 2761 728 2845 „quid
741 2761 805 2826 iarn
819 2762 1016 2827 temerarius
1035 2765 1158 2827 audes?

227 2867 373 2948 imponis
397 2869 498 2949 capiti
524 2867 709 2933 deiicienda
732 2873 799 2934 tu0.

173 2973 261 3050 Quin
286 2974 430 3039 monitus
447 2974 544 3039 audis
568 2979 600 3038 et
624 2976 710 3040 vires
735 2976 881 3040 consulis
906 2976 996 3052 istas,

227 3081 269 3145 Ut
293 3082 425 3146 valeant
448 3081 578 3145 humeri
603 3083 753 3163 pondera
776 3082 862 3148 ferre
886 3085 1006 3165 pares?

172 3187 275 3252 Arma
298 3191 419 3252 canant
443 3188 511 3266 alii,
535 3188 656 3270 quibus
680 3188 715 3252 in
738 3189 920 3270 penetralia
945 3209 1053 3271 nuper

111 3296 153 3357 10
225 3295 394 3359 Musarum
419 3292 572 3359 admissis
596 3295 719 3359 enthea
741 3295 869 3377 plectra
893 3295 980 3359 dedi.

173 3401 354 3465 interdicta
377 3401 440 3466 tibi
465 3421 506 3464 ne
530 3403 597 3465 sint
621 3402 819 3467 commercia
842 3402 948 3465 nostri

224 3508 326 3573 Sacra
348 3507 451 3587 chori,
477 3508 595 3588 lyricos
619 3506 756 3572 concine
781 3508 972 3588 rer·sicutos;

173 3614 289 3678 Latius
313 3617 370 3678 aut
393 3612 467 3678 fuso
491 3613 518 3676 si
544 3613 646 3678 maris
671 3634 804 3678 currere
829 3634 959 3695 carnpc,

223 3721 400 3804 Impariter
423 3721 555 3784 iunctos
579 3720 771 3784 emodulare
795 3719 924 3785 modos!

113 3829 151 3891 15
176 3828 243 3892 Sed
268 3848 331 3891 nec
353 3845 449 3907 opus,
475 3827 590 3891 molles
614 3830 651 3891 ut
675 3827 894 3891 decantentur
917 3847 1058 3904 arncreS,

221 3933 295 3997 Non
320 3953 415 4016 opuS‚
440 3935 476 3997 ut
499 3932 623 3998 madidi
647 3934 753 4015 iurgia
777 3933 944 4016 symposii.

172 4041 236 4118 Qui
260 4041 351 4104 canit
375 4041 479 4104 iratae
504 4041 661 4105 lascivum
686 4060 821 4106 carmen
845 4041 970 4105 amicae

223 4148 264 4210 Et
289 4146 442 4230 queritur
467 4147 597 4211 clausas
621 4150 715 4211 vecte
739 4166 880 4228 seraque
906 4146 1005 4226 sorec,

171 4253 309 4337 Pinguia
332 4255 390 4339 qui
415 4254 529 4319 laudat
554 4252 723 4334 Saliaris2)
748 4273 888 4319 munera
912 4273 1026 4335 cenae,
