2632 4718
621 694 838 759 ..34-

691 923 774 987 XVI.

219 1061 283 1130 Ad
305 1059 563 1148 Ludolphum
585 1059 817 1150 Heringium
831 1063 856 1148 ¹)
879 1061 1232 1147 Hammonensem‚

515 1165 663 1237 Christi
686 1167 947 1238 sacerdotem.

500 1310 562 1379 De
591 1309 787 1380 illecebris
810 1299 960 1379 mundi.

223 1492 236 1555 1
264 1492 372 1566 Quam
395 1492 520 1553 temere
544 1489 717 1564 audemus,
741 1508 859 1552 securo
884 1487 995 1552 rivere
1018 1490 1129 1564 eorde,

276 1670 279 1676 .
310 1580 466 1678 Undique
489 1615 575 1677 quos
599 1614 732 1677 semper
755 1594 844 1658 mille
868 1595 993 1675 pericla
1016 1596 1152 1678 priuull

267 1702 405 1766 Hostilis
429 1701 526 1765 cunei
550 1701 668 1765 mediis
692 1721 865 1765 versamur
891 1701 925 1763 111
949 1701 1061 1780 uranie,

311 1810 372 1874 Vix
396 1812 457 1887 esi,
482 1809 637 1890 collapsis
662 1808 719 1891 qui
744 1808 829 1873 ferai
854 1809 943 1872 ullus
966 1829 1074 1891 opem.

221 1922 239 1983 5
264 1917 352 1996 Quia
376 1919 411 1981 el
433 1917 598 1981 adulatrix
623 1915 711 1980 dulei
735 1935 795 1979 uos
819 1916 918 1980 turba
942 1936 1070 1980 veneno

309 2026 474 2106 Deceplos
498 2025 626 2087 cerrum
652 2023 743 2087 ducii
767 2023 809 2086 ad
832 2023 1015 2087 interilum.

265 2130 394 2195 Blanda
419 2129 552 2212 quidem
575 2130 699 2194 illeelal
722 2128 847 2192 fallacis
871 2128 979 2211 gratia
1004 2130 1118 2193 muudi

313 2238 393 2315 Nee,
419 2237 604 2319 Ludolplre,
630 2237 728 2299 deum
754 2256 813 2300 uos
837 2255 1010 2317 peramara
1035 2236 1123 2299 siuil.

266 2344 444 2409 Sensilium
469 2345 649 2425 penetrans
673 2343 835 2407 virtulum
859 2342 1007 2424 quinque
1032 2342 1187 2407 serreslris

203 2454 242 2516 10
310 2452 485 2533 Expugual
509 2450 615 2513 celsas
640 2470 728 2513 mors
753 2449 891 2514 raliuuis
915 2469 1006 2530 opes.

266 2558 341 2620 Non
365 2560 462 2621 caule
486 2561 593 2621 [ulam
617 2557 833 2620 mendacibus
858 2560 998 2636 occupat
1021 2576 1130 2619 arcem

310 2663 506 2740 Fr·audibuS‚
531 2667 565 2726 et
589 2667 739 2726 remanet
762 2665 897 2745 pectore
923 2663 1014 2725 nulla
1038 2663 1137 2727 salue.

264 2771 356 2848 Quae
380 2772 577 2835 credebatur
601 2788 718 2850 pacem
741 2768 918 2852 praeferre,
942 2769 1096 2850 voluptas

310 2877 474 2942 Intestina
498 2876 587 2941 domi
611 2877 699 2940 bella
723 2878 859 2958 recepla
882 2876 976 2957 gerii.

202 2988 241 3047 15
266 2986 415 3066 Imperat
440 2986 473 3047 el
496 2987 595 3066 capla
620 2983 945 3047 (1(1111111111111·11111111(λ
971 2982 1084 3057 libido,

312 3091 426 3172 Turpe
450 3091 582 3154 animus
606 3090 704 3173 pulsa
727 3091 789 3153 feri
815 3089 982 3170 probilale
1008 3090 1130 3170 iugum.

265 3198 373 3275 Quam
396 3198 485 3262 bona
508 3196 653 3273 libertae,
678 3197 776 3279 pauci
801 3216 924 3260 uouere
948 3197 1103 3260 secundis

310 3304 425 3368 Rebus
449 3305 483 3368 el
507 3303 643 3368 arbitrio
667 3306 787 3367 cuneta
811 3306 944 3384 regente
969 3322 1048 3373 suo:

266 3410 396 3474 Servilii
420 3410 564 3492 gravitas
589 3411 684 3474 docel
709 3410 802 3487 illud,
826 3409 942 3491 iniqua
966 3410 1098 3491 lyramri

200 3521 242 3582 ru
312 3517 457 3599 Imperia
481 3520 515 3581 el
539 3516 640 3580 nullis
664 3518 734 3581 lora
759 3516 898 3580 remissa
922 3517 1039 3580 modis.

267 3624 389 3688 Rarior
412 3625 464 3687 est
488 3640 590 3700 cycno
615 3623 670 3704 qui
695 3643 731 3687 se
755 3624 920 3687 cusiodial
944 3626 1026 3700 alre,

318 3730 368 3793 Ne
394 3729 528 3812 capiant
551 3728 700 3793 animum
723 3730 832 3812 turpia
855 3732 932 3793 volu
956 3749 1063 3792 suum.

267 3837 327 3901 llle
352 3837 441 3901 leves
465 3837 578 3901 oeulos
602 3836 733 3919 pielura
756 3839 865 3918 pascit
889 3835 991 3915 11111111,

312 3943 410 4007 Hune
434 3943 541 4007 nilida
565 3943 738 4008 ardenlem
762 3942 831 4008 visa
855 3943 969 4024 puella
994 3944 1096 4007 leuel.

200 4053 241 4114 25
268 4050 354 4114 Suri
379 4050 437 4132 qui
463 4049 647 4129 Cumaeae,
672 4051 749 4113 suut
772 4050 829 4131 qui
855 4047 1033 4132 r101·aria2)
1057 4052 1219 4131 speciant,

312 4156 508 4238 Complures
531 4157 675 4238 thymele
701 4155 857 4221 deliciosa
880 4157 981 4219 iurat.

266 4262 430 4327 Afficiunl
453 4282 602 4344 gemmae
629 4263 750 4327 mullos
775 4264 808 4326 el
833 4282 981 4345 purpura
1005 4265 1037 4326 el
1061 4282 1191 4341 aurum,
