2632 4718
533 740 751 802 -26..

609 933 680 996 Xll.

475 1071 538 1141 Ad
561 1070 803 1153 Collinum.¹)

136 1237 148 1296 l
179 1235 246 1298 Cur
271 1232 486 1308 Gaditanas-'l
511 1233 655 1315 quaeria
680 1233 819 1311 Collina
842 1235 996 1317 puellas?

224 1340 392 1410 Persica⁸l
416 1360 475 1404 cur
498 1345 595 1423 optas
620 1361 727 1422 usque
751 1340 931 1405 sodalicia?

180 1446 255 1510 Non
280 1450 359 1511 sunt
382 1445 556 1519 formosae,
581 1447 697 1529 quales
721 1446 792 1525 tibi,
815 1447 931 1526 amice,
956 1447 1119 1523 videntur,

223 1552 316 1629 Quae
340 1556 373 1617 te
396 1552 582 1635 pelliciunt,
607 1571 691 1635 quas·
715 1552 866 1616 sitienter
890 1572 991 1616 amas.

136 1662 154 1722 5
180 1659 213 1722 Si
239 1660 334 1741 cupis
357 1660 400 1725 ad
423 1660 581 1742 pulchras
605 1660 719 1723 oeulos
744 1660 893 1724 attollere
918 1659 1042 1723 formas

223 1765 264 1828 Et
286 1767 375 1830 reris
399 1766 546 1829 animum
570 1784 708 1847 pascere.
732 1764 869 1843 delicie,

180 1871 319 1955 Suspice
343 1870 528 1953 stelligeros
551 1872 649 1935 orbes
674 1876 708 1936 et
732 1871 843 1936 lucida
866 1871 969 1954 sigua,

224 1977 364 2059 Suspice
387 1979 571 2060 perpetuae
596 1977 791 2043 mobilitatis
816 1997 910 2061 opus.

180 2081 216 2148 Si
239 2085 356 2153 nescis,
382 2084 492 2150 coelos
516 2084 618 2148 etiam
642 2085 819 2149 eoncordia
844 2084 959 2167 iungit,

117 2191 158 2253 10
226 2189 337 2272 Atque
361 2193 480 2254 ornata
504 2190 557 2254 dei
581 2210 722 2255 munera
746 2194 856 2255 serrat
881 2212 982 2255 amor.

181 2295 253 2360 Illic
276 2301 356 2360 sunt
380 2317 537 2380 superum
564 2298 659 2361 sedes
684 2301 717 2360 et
740 2297 860 2379 gaudia
884 2298 983 2379 plena

224 2403 421 2468 Demutcent
445 2403 572 2467 animos
595 2408 730 2485 praeter
754 2406 947 2468 amariliem.

182 2510 344 2574 Personat
367 2510 506 2590 angelici
531 2509 637 2574 duleis
661 2509 859 2591 symphonia
883 2513 1005 2577 coetus,

226 2614 267 2678 Et
291 2616 405 2680 laudat
430 2615 600 2679 dominum
624 2617 778 2680 maehina
802 2618 890 2680 mota
914 2636 1020 2679 suum.

117 2722 156 2783 15
181 2721 300 2785 Forma
324 2722 512 2802 puellarum
536 2722 662 2805 fragilis
688 2742 740 2786 res
764 2726 866 2804 atque
891 2722 1024 2798 caduca,

226 2827 270 2891 Ut
294 2830 356 2892 llos
381 2848 570 2893 inarescens
595 2847 653 2892 seu
679 2828 795 2909 rapida
819 2829 909 2892 unda
932 2830 1050 2891 fluens

181 2934 274 3010 Quae
297 2954 386 2998 nunc
410 2955 485 2998 curn
510 2931 628 3018 magno
654 2936 758 3000 laetae
783 2938 976 3016 spectantur
1000 2937 1133 3010 honore,

227 3040 285 3103 Est
309 3060 450 3122 quarum
476 3041 589 3105 multis
613 3063 695 3107 arira
718 3042 823 3123 petita
847 3041 965 3123 procis,

182 3145 324 3229 Rugosis
349 3152 478 3229 spretae
502 3149 603 3230 paulo
627 3153 702 3230 post
727 3149 891 3214 frontibus
916 3148 1021 3217 ibunt,

117 3255 160 3317 ‘20
228 3254 395 3337 Nullaque
421 3256 484 3318 iam
510 3257 623 3320 rullus
647 3256 752 3337 gratia
776 3255 873 3318 anilis
898 3255 971 3318 erit.

183 3360 219 3423 Si
244 3362 343 3442 sapio,
367 3361 506 3443 effugias
529 3362 660 3443 generis
685 3361 835 3424 corrriria
860 3361 978 3425 mollis

228 3466 275 3529 Te
298 3487 460 3551 properes
485 3470 639 3550 gravibus
663 3468 840 3531 conciliare
864 3467 953 3530 viris.

183 3572 356 3655 Ingenium
380 3574 474 3639 facile
498 3577 530 3639 et
555 3575 658 3639 comis
682 3574 844 3643 facundia.
870 3594 979 3637 mores

229 3679 409 3763 Compositi
435 3681 531 3763 rulgo
555 3683 587 3744 te
611 3681 726 3763 procul
752 3680 907 3760 eripiunt.

107 3787 160 3849 125
186 3787 298 3850 Ganea
322 3787 349 3849 si
373 3789 457 3852 rites
481 3792 514 3852 et
537 3789 671 3851 sordida
695 3788 799 3851 lustra
824 3787 1002 3868 relinquas,

230 3893 331 3957 Fama
356 3894 413 3958 tibi
439 3897 545 3960 tutam
571 3897 699 3958 sternet
724 3895 765 3957 ad
791 3897 880 3957 astra
904 3894 1001 3956 riam.

186 4000 259 4063 ll'ou
285 4001 383 4065 hodie
408 4002 517 4075 saciea
544 4003 632 4084 quod
656 4022 729 4066 cras
753 4000 869 4064 iecisse
894 3998 1019 4062 dolenti

231 4108 369 4171 Pectore
393 4109 576 4190 poeniteat:
601 4109 669 4172 Res
694 4108 755 4172 tibi
780 4105 882 4170 maior
907 4106 979 4168 erit.

187 4213 246 4276 llst
270 4214 427 4278 meretrix
451 4213 572 4278 animal
597 4215 739 4288 foedum,
764 4211 835 4276 sine
861 4212 940 4292 lege,
965 4212 1094 4291 pudore

121 4321 164 4384 30
232 4320 274 4384 Et
299 4321 424 4385 ratione
449 4340 573 4400 carens,
598 4321 644 4384 nil
668 4318 802 4403 pietatis
826 4319 967 4396 liabens;
