2892 4342
687 388 905 450 ,pp-

341 562 533 646 Insequilur
557 563 687 626 calcans
711 564 877 644 prostrata
900 563 1061 627 cadavera
1085 565 1209 646 passim

393 669 507 732 Hostis
531 671 563 732 et
588 668 769 734 admissum
796 669 925 732 sortiter
949 671 1042 751 urget
1067 690 1201 754 equum.

344 775 439 854 „Non
458 775 506 838 sic
523 775 690 856 effugies‚“
717 776 838 840 clamat
854 776 919 840 iam
936 775 1069 857 iamque
1086 778 1331 859 propinquans,

288 913 300 932 ·
397 881 536 960 „Sis⁴e“‚
562 881 681 964 inquit,
710 881 816 960 „lacta
839 882 1007 946 deditione
1032 883 1177 964 lugaml“

278 988 319 1050 35
346 989 425 1051 Plus
449 989 607 1070 properat
631 987 728 1051 solito
752 988 883 1068 nigrum
906 989 1133 1052 transmittere
1158 991 1283 1054 flumen

393 1093 554 1158 Navicula
577 1093 710 1157 turbam
735 1092 789 1157 vix
813 1094 967 1176 capiente
991 1093 1134 1158 Charon.

341 1199 385 1263 nt
410 1199 495 1264 laeto
520 1203 654 1263 resonat
679 1219 743 1262 non
769 1199 842 1282 ripa
866 1200 1065 1263 celeusmate
1091 1200 1212 1274 Rheni,

393 1305 462 1370 Nec
486 1306 618 1370 vehitur
642 1307 731 1370 dulci
753 1307 855 1388 plena
878 1305 992 1370 carina
1015 1326 1119 1382 mero,

343 1413 544 1476 Putrescunt
568 1411 654 1477 carie
678 1431 779 1476 naves
804 1413 965 1493 rimisque
990 1411 1177 1493 dehiscunt,

278 1520 322 1583 er
389 1517 542 1583 Artifices
566 1517 658 1601 operi
682 1538 780 1582 nemo
804 1537 923 1582 manus
948 1518 1092 1582 adhibet.

342 1625 416 1691 Non
440 1627 552 1689 tamen
577 1627 627 1688 est
651 1624 763 1689 odium
787 1627 956 1689 tantorum
981 1643 1082 1688 causa
1104 1625 1280 1704 malorum,

395 1732 521 1814 Arguet
545 1732 579 1795 id
603 1729 734 1796 subitus
757 1733 907 1814 tempore
931 1729 1023 1812 pacis
1048 1749 1150 1794 amor.

341 1837 489 1904 Ambitio
513 1838 692 1904 sarabella
717 1837 780 1902 ciet
805 1837 1005 1918 laudumque
1029 1835 1160 1917 cupido,

397 1944 524 2008 Cedere
549 1945 628 2009 dum
652 1945 786 2010 foedum
810 1963 890 2024 gens
913 1962 1073 2024 gerrerosa
1096 1944 1203 2023 putat.

279 2055 322 2117 45
348 2053 498 2134 Utraque
521 2071 602 2134 gens
626 2051 735 2116 audax
758 2050 869 2121 animi,
895 2069 975 2131 gens
999 2051 1142 2130 utraque
1168 2049 1273 2128 sortis

394 2159 486 2222 Auro
510 2158 642 2223 virtutis
667 2156 802 2224 nomina
824 2155 929 2239 pluris
953 2157 1087 2220 habent.

342 2267 433 2332 Haec
457 2265 553 2330 niveo
577 2282 681 2346 cygno
705 2261 884 2335 confidens,
909 2262 964 2326 illa
989 2260 1121 2343 leone⁴l

392 2372 535 2454 Insignis
560 2373 648 2437 bello
673 2391 793 2436 nomen
817 2370 858 2434 ad
882 2374 971 2434 astra
994 2368 1116 2434 ferunt.

777 2689 815 2752 X.

297 2834 362 2904 Ad
384 2833 582 2903 Joannem
605 2827 936 2905 Venrauensemn
956 2817 1293 2898 Daventrienselm

621 2936 706 3006 ludi
729 2933 970 3022 magistrum.
1245 2910 1249 2947 ¹

664 3059 725 3128 De
747 3054 929 3146 pecunia.

302 3229 315 3289 l
343 3225 417 3301 Qua
441 3224 475 3286 tc
500 3223 599 3286 laude
624 3238 752 3296 canam,
776 3215 913 3298 sophiae
937 3211 1104 3295 praeclare
1129 3211 1316 3294 professor,
1431 3275 1432 3294 χ

397 3328 554 3393 Pluribus
578 3325 696 3392 officiis
720 3321 893 3388 conciliato
920 3319 1021 3383 mihi?

341 3433 516 3502 Communi
540 3431 654 3514 patria,
679 3427 845 3494 communi
871 3425 1001 3491 nomine
1026 3422 1131 3488 iuncti

395 3541 437 3605 Et
461 3537 562 3603 simili
589 3536 675 3600 vitae
700 3533 888 3600 conditione
913 3551 1037 3594 sumus,
1142 3587 1149 3599 ,
1254 3568 1257 3607 ,

299 3657 317 3714 5
342 3649 411 3715 Nos
436 3646 551 3710 eadem
575 3642 698 3725 pariter
722 3639 830 3706 socios
854 3635 1023 3704 academia
1046 3637 1130 3702 vidit
1255 3613 1258 3698 l

395 3753 556 3816 Exercere
580 3749 676 3814 bonis
702 3749 829 3813 artibus
854 3745 995 3828 ingenia.

391 3855 555 3936 imatico‘2)
579 3856 729 3938 locuples
753 3855 838 3919 alius
863 3850 1008 3916 confidat
1031 3850 1065 3916 in
1089 3873 1170 3917 auro

426 3967 433 3992 ²
459 3963 570 4027 baccis
596 3961 702 4026 Rubri
727 3960 884 4045 littorisi)
908 3959 1082 4038 intumuit,
