2632 4718
502 741 724 806 -23-

154 917 203 980 't'e
227 918 339 991 miror,
363 918 498 998 quando
523 917 677 998 sophiam
701 917 933 999 complecteris
957 918 1079 982 almam

92 1026 135 1087 10
202 1024 244 1087 Et
267 1027 356 1087 recte
379 1023 465 1087 tanti
489 1023 581 1088 nulla
604 1023 739 1088 metalla
761 1026 872 1106 putas,

153 1130 252 1194 Nune
276 1131 369 1195 iuvat
390 1129 536 1194 admotis
560 1130 747 1212 expendere
772 1130 925 1195 lancibus
949 1150 1077 1202 aurum,

211 1236 301 1300 Num
324 1235 431 1319 prosit
455 1236 551 1300 nobis
575 1235 675 1300 latius
700 1255 743 1300 an
768 1239 897 1300 noceat.

155 1341 351 1409 Consilium.
378 1341 528 1416 formam,
553 1341 659 1405 tasces
684 1341 747 1405 sibi
772 1341 919 1406 vindicat
941 1341 1034 1418 illud,

212 1449 275 1511 Dat
298 1467 404 1530 genus
428 1450 461 1512 et
484 1449 605 1514 famam
629 1449 797 1531 verbaque
820 1448 989 1514 melliflua.

90 1558 131 1617 15
157 1554 336 1620 Formosae
361 1555 533 1620 dominum
557 1554 731 1636 complexu
755 1554 905 1637 coniugis
928 1559 1035 1637 auget.

212 1660 315 1725 Addit
338 1681 434 1742 agros
458 1662 555 1743 agris,
580 1661 721 1725 aedibus
744 1664 841 1725 ornat
864 1662 1013 1726 humum.

152 1767 350 1832 Innumeros
375 1786 488 1831 servos
512 1771 608 1849 parat
632 1766 895 1850 innumerosque
919 1767 1061 1832 clientes

210 1872 252 1936 Et
275 1872 369 1936 iubet
393 1871 535 1954 imperio
559 1876 680 1936 cuncta
704 1872 842 1936 subesse
867 1893 938 1938 suo.

156 1977 378 2058 Herculeam)
404 1982 512 2043 restes
536 1979 683 2043 imbutas
707 1978 869 2060 sanguine
894 1981 1039 2043 conchae

86 2087 134 2148 20
203 2085 245 2149 Et
269 2085 407 2168 largitur
430 2085 513 2150 hero
538 2085 703 2168 quidquid
726 2085 849 2150 habere
874 2085 963 2150 libet,

155 2192 308 2273 Denique
322 2211 379 2256 rex
393 2211 507 2273 rogum
523 2193 583 2264 est,
598 2211 764 2260 summum
778 2191 836 2273 qui
848 2193 998 2274 possidet
1015 2212 1143 2267 aurum,

211 2297 382 2362 Inclusum
406 2298 556 2380 locuples
581 2297 729 2362 continet
752 2316 830 2362 arca
853 2299 978 2362 torem.

154 2404 222 2467 Sed
246 2403 365 2468 metuit
387 2402 479 2484 fures
503 2406 536 2467 et
560 2402 784 2467 sollicitudine
811 2406 930 2486 pectus

211 2509 355 2574 Conlicit
378 2510 513 2574 assidua
536 2529 663 2592 speque
686 2513 845 2592 metuque
870 2511 991 2592 coquit.

86 2620 132 2680 25
159 2617 218 2679 rix
242 2617 323 2680 sinit
346 2617 380 2680 in
404 2617 536 2681 dulcem
560 2617 740 2680 deflectere
763 2616 889 2681 lumina
913 2637 1076 2683 somnum.

210 2724 271 2787 Vix
294 2722 373 2787 sinit
398 2723 589 2805 appositum
614 2742 750 2805 carpere
775 2726 874 2787 dente
900 2724 1021 2787 cibum.

155 2830 265 2910 Saepe
290 2832 401 2894 movet
425 2830 560 2906 bellum,
585 2829 728 2912 populos
752 2831 787 2894 in
811 2829 937 2912 proelia
960 2829 1055 2911 cogit,

210 2936 322 3012 Fures,
348 2937 496 3000 latrones
520 2937 764 3018 sacrilegosque
789 2937 875 3001 tacit.

154 3041 246 3105 Auro
270 3043 470 3106 truncantur
494 3062 596 3124 reges
621 3042 810 3123 produntur
834 3045 866 3105 et
891 3042 999 3117 urbes,

88 3152 134 3214 30
202 3148 376 3230 Integritas
400 3168 482 3213 auro
506 3147 746 3231 virginitasque
770 3149 868 3231 perit.

154 3254 345 3338 Corrumpit
369 3257 503 3319 sanctas
528 3254 747 3335 resplendens
772 3254 896 3318 lamina
921 3255 1017 3334 leges,

210 3360 368 3425 Dissolrit
391 3380 499 3424 raram
523 3361 613 3426 iutra
637 3363 770 3424 moneta
793 3359 904 3424 fidem.

153 3466 280 3548 Impius
305 3466 340 3530 in
364 3486 524 3549 generum
549 3466 619 3536 fuit,
644 3467 719 3540 hen,
743 3465 936 3548 pariterque
961 3487 1108 3531 sororem

210 3573 402 3654 Pygmalion
415 3571 450 3651 ⁵),
476 3592 587 3637 sacras
613 3573 691 3636 dum
715 3573 801 3636 male
825 3575 938 3654 sperat
962 3593 1052 3655 opes.

91 3682 133 3743 35
158 3679 267 3742 'lutus
291 3679 382 3761 apud
406 3679 572 3742 Thracum
598 3699 716 3759 regem,
744 3679 948 3759 Polydoress'),
976 3679 1106 3756 luisses,

210 3786 265 3849 lus
290 3785 366 3857 lidei
391 3805 488 3867 gazae
515 3785 547 3849 ni
573 3787 770 3849 temerasset
794 3806 895 3849 amor.

154 3889 333 3971 Sithorris⁷)
357 3891 392 3954 in
416 3890 543 3973 nigram
569 3891 673 3954 fertur
698 3894 826 3955 mutata
851 3893 1028 3966 volucrem,

209 3999 304 4076 Quod
329 4000 472 4062 nummis
496 3998 611 4062 Arnen
634 3998 785 4080 prodidit
809 3999 965 4062 aureolis.

153 4102 333 4184 Brennum)
351 4104 566 4186 Apollineum
591 4105 668 4168 dum
693 4105 764 4168 rull
788 4104 944 4169 invadere
969 4106 1139 4188 templum,

87 4212 130 4274 40
199 4211 386 4292 Sacrilegus
411 4211 522 4274 necuit
547 4231 582 4274 se
607 4211 751 4292 pugione
775 4232 846 4276 suo.

154 4316 285 4381 Corruit
309 4317 462 4399 abruptis
487 4317 644 4382 Parnassi
668 4317 812 4383 culmine
837 4317 924 4382 saxis
