2632 4718
554 572 773 639 ,29-

220 768 298 833 ager
321 751 477 832 quamvis
501 747 618 817 fertilis
648 751 720 817 sine
747 752 881 818 cultura
908 753 1097 818 fructuosus
1121 768 1194 819 esse

216 875 283 920 non
298 859 419 940 potest,
435 858 486 922 sic
502 858 574 923 sine
590 858 742 924 doctrina
757 858 919 924 animus“
957 859 1095 935 Deinde,
1118 869 1195 925 cum

128 964 169 1028 15
217 985 240 1029 a
268 963 527 1046 Peripatheticis
558 965 702 1050 triplicia
734 966 911 1031 [radantur
941 966 1046 1032 bona:
1081 967 1194 1047 animi,

217 1070 378 1152 corporis,
402 1073 552 1153 externa,
576 1073 660 1138 sciat
682 1073 753 1138 sola
776 1072 878 1138 animi
901 1072 999 1151 bona,
1023 1093 1108 1157 quae
1129 1075 1194 1138 vir-

217 1179 307 1242 tutes
322 1181 358 1242 et
374 1179 534 1244 scientiae
550 1182 638 1255 sunt,
655 1179 780 1244 homini
797 1199 872 1244 esse
888 1184 1061 1262 perpetua,
1084 1182 1195 1247 cetera

218 1287 330 1350 autem
354 1284 532 1350 mutationi
554 1285 776 1369 fortunaeque
798 1286 957 1362 subiecta,
982 1306 1068 1370 quae
1083 1289 1195 1352 tamen

222 1411 290 1457 non
306 1392 373 1457 alia
388 1393 519 1457 ratione
543 1393 673 1472 melius,
698 1413 799 1476 quam
823 1393 1056 1477 philosophiae
1081 1394 1194 1476 cogni-

126 1500 171 1564 20
218 1499 323 1581 tione,
345 1499 410 1577 vel,
434 1498 464 1563 si
487 1500 610 1577 adsint,
639 1501 725 1565 tueri
750 1501 811 1578 vel,
841 1501 869 1564 si
894 1501 1016 1579 desint,
1046 1521 1114 1566 non
1138 1503 1195 1566 de·

218 1605 360 1671 siderari
388 1610 540 1690 possunt.
594 1607 681 1672 Tum
714 1607 814 1672 etiam
843 1627 903 1690 spe
934 1608 1069 1689 gloriae,
1098 1628 1195 1690 quae,

219 1715 257 1778 ut
279 1711 414 1798 poetat)
444 1714 500 1795 ait,
526 1715 746 1793 „immensum
770 1715 895 1779 calcar“
926 1715 1037 1788 habet,
1066 1715 1108 1779 ad
1135 1716 1195 1780 bo-

219 1839 339 1884 narum
373 1821 497 1885 artium
531 1822 643 1887 studia
682 1820 844 1885 excitetur
882 1822 1056 1903 discatque
1094 1821 1195 1886 nullis

219 1928 360 2012 perinde
384 1928 485 1992 rebus
512 1948 551 1994 ac
579 1929 702 1993 litteris
725 1927 847 1993 famam
870 1927 1043 2010 prorogari
1060 1929 1195 1992 immor-

127 2036 170 2100 25
218 2035 390 2118 talemque
413 2033 500 2100 effici
522 2053 631 2117 posse.
672 2036 845 2100 Postremo
869 2036 1069 2112 meminerit,
1093 2054 1129 2099 se
1152 2036 1195 2101 ob

219 2141 255 2206 id
278 2145 413 2221 natum,
446 2145 483 2206 ut
511 2143 598 2207 bene
626 2141 834 2225 honesteque
862 2142 1003 2207 vivendo
1033 2146 1067 2207 et
1091 2142 1195 2224 legem

220 2248 275 2314 dei
299 2250 528 2314 conservando
550 2251 615 2315 iter
638 2249 702 2314 sibi
725 2251 821 2333 paret
842 2249 877 2312 in
901 2250 1039 2314 coelum.
1087 2249 1194 2330 Quod,

220 2355 249 2420 si
265 2355 393 2420 litteras
409 2358 550 2437 noverit,
567 2356 720 2421 facillime
730 2356 913 2421 ‚effecturus
930 2358 990 2435 est,
1014 2356 1067 2420 sin
1084 2358 1194 2420 autern

220 2464 377 2528 indoctus
399 2462 513 2540 fuerit,
544 2463 732 2545 perieulum
759 2483 826 2528 non
856 2463 1021 2528 mediocre
1048 2462 1122 2542 en't,
1153 2482 1195 2528 ne

129 2572 173 2636 30
218 2589 294 2635 cum
318 2570 425 2636 caecis
445 2570 748 2655 insipientibusque
764 2570 955 2636 hominibus
971 2570 1044 2650 ipse
1060 2588 1195 2652 quoque

220 2678 264 2742 ad
284 2677 410 2742 interos
434 2679 684 2762 praecipitetur.

648 2983 683 3046 V.

155 3139 279 3236 Quod
299 3139 493 3224 homines,
517 3139 790 3228 cuiuscunque
814 3138 1053 3209 conditionis
1077 3138 1166 3221 sint,

496 3246 650 3317 discere
674 3246 831 3317 debent.

155 3449 169 3511 1
222 3446 299 3511 Dixi
330 3465 438 3530 pauca
467 3446 509 3511 de
539 3446 698 3511 scientiae
728 3444 926 3528 cupiditate,
961 3444 1020 3509 sed
1050 3463 1092 3508 ne
1121 3445 1196 3526 quis

221 3553 409 3618 litterarum
446 3573 558 3619 amore
598 3572 663 3617 non
703 3552 833 3630 ardeat,
872 3551 969 3616 latius
1008 3550 1195 3632 divagabor.

221 3659 384 3725 Nonnulli
407 3659 537 3742 generis
561 3660 735 3724 nobilitate
759 3658 941 3740 gloriantur
965 3662 1009 3733 et,
1035 3659 1114 3740 quia
1131 3659 1196 3722 cle·

221 3766 281 3831 rici
305 3765 408 3832 futuri
438 3786 505 3832 non
529 3767 610 3846 sint,
644 3766 773 3831 litteras
801 3767 844 3830 ad
873 3786 909 3830 se
942 3765 1024 3829 nihil
1056 3764 1196 3829 attinere

152 3876 173 3938 5
220 3875 350 3955 putant.
399 3874 466 3938 Sed
498 3873 653 3937 nesciunt
684 3873 717 3936 hi
750 3872 857 3947 stulti,
894 3871 995 3936 nullis
1024 3871 1196 3936 hominum

222 3979 337 4062 magis,
362 4000 462 4063 quam
486 3979 696 4062 principibus
719 3982 752 4043 ct
775 3983 939 4043 terrarum
960 3977 1196 4060 civitatumque

222 4087 408 4152 rectoribus
437 4087 601 4168 sapientia
631 4106 716 4168 opus
747 4105 829 4150 esso.
877 4087 999 4149 Verum
1031 4086 1082 4148 est
1115 4083 1197 4148 illud

222 4199 256 4259 et
271 4195 432 4259 memoria
449 4193 689 4276 dignissimum,
715 4194 804 4277 quod
825 4192 1024 4273 liudolphus
1041 4190 1196 4272 LangiuS,
