2632 4718
523 681 742 748 ...84-

597 858 669 923 VII.

388 996 453 1067 Ad
475 997 648 1068 amicum
672 997 885 1086 quendam.

295 1122 356 1193 De
379 1120 610 1211 suspicione
633 1121 971 1210 impoenitentiae.

127 1286 140 1349 1
170 1284 221 1350 Sit
244 1283 305 1350 tibi
330 1282 487 1368 suspicio
512 1303 553 1348 ne
577 1302 708 1348 rursum
732 1283 878 1366 turpiter
901 1303 1005 1362 erres,

214 1391 313 1470 Quod
336 1410 405 1456 non
428 1389 607 1472 poeniteat,
623 1390 812 1455 deseruisse
836 1391 947 1456 deum.

172 1498 244 1563 Huc
267 1497 435 1563 indelessa
457 1501 577 1574 tecum,
602 1497 663 1572 fac,
687 1500 798 1561 mente
822 1497 959 1574 volutes,

217 1604 422 1686 Contemptu
446 1622 605 1686 superum
630 1603 735 1668 dirius
759 1623 832 1668 esse
856 1603 948 1668 nihil.

128 1712 147 1773 5
171 1711 283 1775 Manat
308 1711 506 1775 inexhausto
530 1709 683 1775 coelestis
706 1710 812 1792 gratia
835 1710 937 1791 fonte,

213 1817 249 1881 Si
273 1819 372 1882 modo
396 1816 594 1901 displiceant
618 1817 772 1899 nequiter
795 1818 870 1882 acta
893 1816 964 1882 tibi.

170 1923 245 2001 Quo
267 1924 400 1988 veniam
423 1925 533 2006 pacto,
557 1923 692 1988 sceleris
716 1923 781 1987 nisi
804 1923 954 2007 poenitet
977 1923 1053 1993 acti.

214 2031 400 2113 Impetrare
424 2048 538 2113 queas,
563 2030 673 2096 dicere
698 2051 795 2096 nemo
819 2033 941 2112 potest.

169 2135 273 2202 Tristi
298 2138 398 2201 corde
421 2137 515 2220 pium
540 2157 665 2202 numen
688 2141 866 2220 superatur
890 2141 924 2203 et
947 2137 996 2203 ira

106 2244 147 2306 10
214 2243 375 2326 Deposita
398 2245 485 2308 votis
510 2245 568 2308 dat
590 2243 813 2327 precibusque
837 2244 955 2309 locum.

170 2349 232 2413 Ast
256 2349 428 2414 inflexibili
453 2350 680 2433 phlegetontis
706 2351 851 2415 destinat
875 2349 979 2432 ignes.

214 2455 361 2521 Immites
385 2456 502 2521 I'un'as
527 2456 794 2539 Cerbereamque
819 2457 948 2521 samem.

600 2792 682 2856 VIII.

156 2932 220 3002 Ad
242 2933 435 3004 Ioannem
458 2932 730 3018 Osthusium1)
752 2931 1120 3003 Monasteriensem.

129 3097 143 3159 1
172 3094 286 3159 Dulcis
311 3095 464 3169 Ioannes
490 3098 602 3159 nostro
626 3093 797 3159 carissime
822 3095 923 3170 cordi,

216 3200 332 3266 Ardua
356 3200 490 3265 virtutis
515 3201 677 3265 scandere
701 3219 802 3283 perge
825 3201 918 3283 iuga!

173 3309 277 3389 Perge
301 3327 363 3371 nec
387 3307 521 3372 assiduo
545 3326 663 3391 parcas
687 3307 748 3386 fac,
774 3327 908 3390 quaeso,
933 3308 1050 3386 labori,

218 3413 309 3477 Citra
333 3415 487 3480 sudorem
512 3415 604 3479 nulla
627 3432 749 3479 corona
773 3414 880 3478 datur.

129 3526 147 3585 5
174 3520 231 3583 Est
254 3521 365 3584 brevis
389 3520 444 3584 ille
463 3520 564 3598 labor,
590 3525 792 3612 aeternaque
816 3520 965 3603 praemia
987 3523 1126 3600 restani,

219 3627 359 3691 Divinus
383 3647 510 3692 merces
535 3631 584 3692 est
607 3626 780 3710 probitatis
804 3628 920 3692 honor.

171 3733 207 3798 Si
232 3734 335 3798 fueris
358 3734 476 3813 victor,
501 3735 528 3798 si
552 3735 725 3814 mundum,
750 3735 922 3811 daemona,
947 3753 1069 3815 corpus

215 3840 423 3918 Subdidcris,
449 3843 539 3906 recta
562 3842 625 3906 sub
648 3841 777 3906 ratione
802 3860 951 3919 manens,

174 3947 320 4012 Coelesti
345 3948 459 4011 venies
483 3948 658 4013 comitatus
683 3948 717 4011 in
741 3951 831 4012 astra
855 3947 1035 4029 triumphu,

109 4056 149 4117 10
220 4053 370 4137 Excipiet
394 4054 525 4136 placido
549 4058 582 4118 te
607 4055 690 4119 deus
714 4055 787 4136 ipse
811 4053 896 4119 sinn.

176 4161 382 4241 Purpuream
406 4162 613 4239 chlamydem
639 4160 736 4224 dabit
760 4166 792 4224 et
817 4159 969 4224 florentia
994 4163 1091 4233 serta,

219 4267 326 4331 Omne
350 4288 453 4349 genus
479 4288 634 4350 gemmas,
659 4288 762 4332 aurun
786 4288 885 4350 poma
910 4267 1011 4330 dabit.
