2632 4718
172 1056 236 1159 De
258 1090 361 1159 bello
386 1088 652 1160 Gelriensium
675 1095 716 1160 et
739 1089 1024 1173 Olivensium,¹)

106 1255 118 1316 l
152 1252 230 1316 Non
254 1271 338 1334 opus
362 1251 517 1329 Assyrios
543 1272 636 1334 reges
662 1253 848 1333 Persasque
872 1257 1036 1335 potentes,

200 1358 372 1422 Graiorum
396 1358 503 1422 claros
528 1376 593 1422 non
619 1376 773 1423 revocare
799 1359 915 1437 duces3

147 1465 226 1528 Non
249 1483 332 1546 opus
356 1465 527 1529 Ausoniae
552 1463 721 1528 reminisci
744 1465 872 1545 proelia
895 1466 1013 1546 gentis

200 1570 274 1647 Quo
298 1570 410 1633 Martis
435 1569 560 1651 liqueat
583 1571 747 1634 maximus
770 1570 826 1634 ille
851 1569 958 1649 furor3

97 1680 118 1741 5
146 1677 255 1740 Nemo
280 1675 505 1740 Numantinos
530 1677 691 1758 strepitus
715 1676 807 1751 mini,
833 1696 930 1739 nemo
952 1677 1136 1740 Tarentum

200 1781 336 1846 Dictitet
360 1785 418 1846 aut
444 1782 608 1865 quidquid
634 1782 761 1846 Punica
783 1785 872 1846 terra
896 1784 974 1847 tulit
998 1819 1040 1829 -

147 1887 231 1966 Quis
256 1909 440 1953 memorare
464 1892 564 1971 queat
588 1888 689 1952 saecli
714 1889 896 1952 certamina
921 1889 1047 1953 nostri?

200 1995 317 2059 Omnis
342 1995 432 2058 enim
456 1995 556 2059 tellus
579 1995 682 2058 tincta
706 2014 823 2058 cruore
849 1995 957 2059 rubet.

146 2102 219 2166 Res
243 2101 326 2165 adeo
349 2100 428 2166 belli
453 2101 548 2182 longe
573 2099 701 2166 felicior
725 2105 824 2176 esset,

83 2211 129 2272 10
198 2208 382 2272 ancarum
405 2208 523 2272 contra
545 2206 574 2271 si
596 2210 767 2289 gereretur
790 2226 881 2289 opes

149 2315 293 2378 Deberet
316 2313 482 2396 siquidem
507 2334 622 2395 regum
646 2314 866 2386 concordibus
891 2314 992 2377 armis

199 2421 289 2484 Gens
312 2420 446 2484 inimica
470 2421 542 2498 deo,
567 2421 666 2485 turba
689 2419 806 2499 ferina,
830 2421 909 2502 peti.

148 2528 323 2608 Pugnaces
347 2526 434 2590 inter
458 2525 602 2592 Batavos
627 2527 770 2608 alboque
795 2527 958 2607 superbos

199 2632 323 2717 Alite‘2)
348 2631 505 2697 finitimos
528 2632 656 2714 proelia
681 2635 804 2715 quanta
828 2634 968 2696 cadunt!

82 2741 126 2804 15
152 2739 316 2804 Dixerunt
339 2741 470 2820 gentem
495 2743 625 2803 veteres
650 2742 825 2820 utramque
850 2739 1040 2819 Sigambros
1050 2740 1086 2819 ³¹),

200 2845 336 2928 imperii
360 2848 492 2909 mutant
517 2845 651 2910 nomina
674 2844 784 2927 prisca
808 2845 905 2908 vicos,

148 2950 307 3015 Confines
330 2952 434 3015 tantis
457 2952 600 3034 populos
625 2951 700 3032 quis
724 2953 875 3015 crederet
901 2971 1047 3033 unquam

198 3058 367 3123 Exardere
392 3057 477 3122 odiis
501 3062 602 3140 atque
627 3057 737 3122 furore
762 3058 845 3139 rapi,

147 3167 363 3256 Immemores
387 3164 538 3248 placidae
563 3165 738 3228 rideantur
763 3167 798 3227 ui
823 3184 895 3227 esse
920 3164 1041 3246 rmietis

81 3274 127 3336 20
197 3271 237 3335 Et
263 3271 325 3335 nisi
350 3271 530 3353 perniciem
555 3272 602 3334 nil
625 3289 806 3353 properare
831 3270 945 3334 suam?

149 3377 284 3442 Sulfure
308 3377 469 3441 coelestes
494 3376 668 3441 imitantur
692 3397 771 3440 saxa
794 3377 914 3440 boatus

200 3483 314 3562 Torta,
338 3484 464 3548 cadunt
488 3502 591 3559 arces,
616 3483 748 3547 moenia
772 3483 859 3546 celsa
883 3486 991 3546 ruunt.

149 3590 362 3655 Concurrunt
386 3590 483 3667 acies
507 3590 637 3654 collatis
661 3591 789 3672 proelia
813 3589 916 3670 signis

204 3697 427 3762 Commiitunt
451 3696 525 3759 duri
551 3697 653 3760 Marte
679 3696 811 3760 furente
836 3696 907 3759 riri.

86 3808 128 3868 25
156 3802 332 3867 Hinnitum
355 3803 489 3885 sonipes
513 3802 554 3866 ad
578 3802 715 3866 classica
739 3802 824 3866 tollit
848 3802 882 3865 in
907 3824 1015 3876 auras,

202 3911 387 3992 Perstrepit
411 3910 581 3973 hastarum
606 3929 704 3974 saera
728 3930 787 3992 per
811 3930 903 3974 arma
927 3910 1044 3990 fragm.

151 4016 331 4081 Pulvereas
356 4016 542 4096 glomerant
567 4015 687 4079 infesta
711 4036 771 4099 por
795 4016 923 4096 agmina
948 4017 1065 4094 nubes

201 4122 387 4186 Glandibus
412 4125 440 4184 et
468 4122 543 4186 ielis
568 4123 666 4187 sortia
689 4124 789 4188 corda
815 4126 944 4187 necant.

149 4227 286 4310 Iamque
310 4227 421 4309 sugam
445 4232 552 4292 tentat
576 4247 655 4310 pars
680 4230 785 4293 altera
809 4228 936 4293 viribus
961 4228 1070 4319 impar

86 4337 129 4401 30
198 4334 239 4398 Et
263 4335 344 4398 solis
368 4333 474 4398 fidens
498 4334 645 4399 calcibus
670 4354 762 4399 arma
786 4334 873 4398 iacit.
952 4342 956 4347 '
