<?xml version="1.0" encoding="UTF-8"?>
<!DOCTYPE html PUBLIC "-//W3C//DTD XHTML 1.0 Transitional//EN"
    "http://www.w3.org/TR/xhtml1/DTD/xhtml1-transitional.dtd">
<html xmlns="http://www.w3.org/1999/xhtml" xml:lang="en" lang="en">
 <head>
  <title>
</title>
<meta http-equiv="Content-Type" content="text/html;charset=utf-8" />
  <meta name='ocr-system' content='tesseract 3.04.00' />
  <meta name='ocr-capabilities' content='ocr_page ocr_carea ocr_par ocr_line ocrx_word'/>
</head>
<body>
  <div class='ocr_page' id='page_1' title='image "./ausgewhltewerke00bmgoog_0399.png"; bbox 0 0 2750 4360; ppageno 0'>
   <div class='ocr_carea' id='block_1_1' title="bbox 640 275 861 348">
    <p class='ocr_par' dir='ltr' id='par_1_1' title="bbox 640 275 861 348">
     <span class='ocr_line' id='line_1_1' title="bbox 640 275 861 348; baseline -0.005 -19"><span class='ocrx_word' id='word_1_1' title='bbox 640 275 861 348; x_wconf 66' lang='lat'>..13-</span> 
     </span>
    </p>
   </div>
   <div class='ocr_carea' id='block_1_2' title="bbox 245 429 1346 1391">
    <p class='ocr_par' dir='ltr' id='par_1_2' title="bbox 245 429 1346 1536">
     <span class='ocr_line' id='line_1_2' title="bbox 330 429 1346 544; baseline 0.005 -22"><span class='ocrx_word' id='word_1_2' title='bbox 330 459 560 541; x_wconf 73' lang='lat' dir='ltr'>perbiberunt.</span> <span class='ocrx_word' id='word_1_3' title='bbox 604 459 770 524; x_wconf 87' lang='lat' dir='ltr'>Lanarum</span> <span class='ocrx_word' id='word_1_4' title='bbox 802 459 973 536; x_wconf 84' lang='lat' dir='ltr'>conchylia</span> <span class='ocrx_word' id='word_1_5' title='bbox 1003 457 1082 540; x_wconf 83' lang='lat' dir='ltr'>quis</span> <span class='ocrx_word' id='word_1_6' title='bbox 1116 459 1156 525; x_wconf 87' lang='lat' dir='ltr'>in</span> <span class='ocrx_word' id='word_1_7' title='bbox 1188 465 1301 544; x_wconf 77' lang='lat' dir='ltr'>prisli-</span> <span class='ocrx_word' id='word_1_8' title='bbox 1339 429 1346 456; x_wconf 43' lang='lat' dir='ltr'>i</span> 
     </span>
     <span class='ocr_line' id='line_1_3' title="bbox 247 565 1300 652; baseline 0.004 -22"><span class='ocrx_word' id='word_1_9' title='bbox 247 569 286 630; x_wconf 85' lang='lat'>10</span> <span class='ocrx_word' id='word_1_10' title='bbox 333 585 412 629; x_wconf 90' lang='lat' dir='ltr'>uum</span> <span class='ocrx_word' id='word_1_11' title='bbox 436 566 581 630; x_wconf 85' lang='lat' dir='ltr'>colorem</span> <span class='ocrx_word' id='word_1_12' title='bbox 605 565 759 629; x_wconf 86' lang='lat' dir='ltr'>reroeel?</span> <span class='ocrx_word' id='word_1_13' title='bbox 799 567 930 629; x_wconf 81' lang='lat' dir='ltr'>Recens</span> <span class='ocrx_word' id='word_1_14' title='bbox 951 567 1039 628; x_wconf 84' lang='lat' dir='ltr'>lesla</span> <span class='ocrx_word' id='word_1_15' title='bbox 1063 565 1124 630; x_wconf 89' lang='lat' dir='ltr'>diu</span> <span class='ocrx_word' id='word_1_16' title='bbox 1148 573 1182 632; x_wconf 88' lang='lat' dir='ltr'>el</span> <span class='ocrx_word' id='word_1_17' title='bbox 1203 590 1300 652; x_wconf 85' lang='lat' dir='ltr'>sape-</span> 
     </span>
     <span class='ocr_line' id='line_1_4' title="bbox 333 671 1298 754; baseline 0.003 -18"><span class='ocrx_word' id='word_1_18' title='bbox 333 692 403 736; x_wconf 89' lang='lat' dir='ltr'>rem</span> <span class='ocrx_word' id='word_1_19' title='bbox 427 671 550 736; x_wconf 81' lang='lat' dir='ltr'>relinet</span> <span class='ocrx_word' id='word_1_20' title='bbox 574 673 607 735; x_wconf 82' lang='lat' dir='ltr'>el</span> <span class='ocrx_word' id='word_1_21' title='bbox 623 672 770 747; x_wconf 78' lang='lat' dir='ltr'>odorem,</span> <span class='ocrx_word' id='word_1_22' title='bbox 795 692 862 754; x_wconf 91' lang='lat' dir='ltr'>quo</span> <span class='ocrx_word' id='word_1_23' title='bbox 879 672 1024 753; x_wconf 90' lang='lat' dir='ltr'>primum</span> <span class='ocrx_word' id='word_1_24' title='bbox 1041 671 1179 738; x_wconf 80' lang='lat' dir='ltr'>imbuta</span> <span class='ocrx_word' id='word_1_25' title='bbox 1206 677 1298 739; x_wconf 59' lang='lat' dir='ltr'>eslf-‘&#39;-</span> 
     </span>
     <span class='ocr_line' id='line_1_5' title="bbox 330 777 1295 858; baseline 0 -16"><span class='ocrx_word' id='word_1_26' title='bbox 330 779 455 842; x_wconf 84' lang='lat' dir='ltr'>Graeea</span> <span class='ocrx_word' id='word_1_27' title='bbox 473 783 584 842; x_wconf 87' lang='lat' dir='ltr'>uarral</span> <span class='ocrx_word' id='word_1_28' title='bbox 602 778 740 842; x_wconf 82' lang='lat' dir='ltr'>hisloria</span> <span class='ocrx_word' id='word_1_29' title='bbox 757 777 996 858; x_wconf 79' lang='lat' dir='ltr'>Alexandrum,</span> <span class='ocrx_word' id='word_1_30' title='bbox 1013 779 1295 858; x_wconf 80' lang='lat' dir='ltr'>poleulissimum</span> 
     </span>
     <span class='ocr_line' id='line_1_6' title="bbox 334 883 1297 967; baseline 0 -19"><span class='ocrx_word' id='word_1_31' title='bbox 334 905 455 967; x_wconf 77' lang='lat' dir='ltr'>regem.</span> <span class='ocrx_word' id='word_1_32' title='bbox 480 883 571 948; x_wconf 81' lang='lat' dir='ltr'>orbis</span> <span class='ocrx_word' id='word_1_33' title='bbox 596 883 804 960; x_wconf 79' lang='lat' dir='ltr'>domilorem,</span> <span class='ocrx_word' id='word_1_34' title='bbox 829 887 863 948; x_wconf 81' lang='lat' dir='ltr'>ei</span> <span class='ocrx_word' id='word_1_35' title='bbox 887 884 920 946; x_wconf 90' lang='lat' dir='ltr'>in</span> <span class='ocrx_word' id='word_1_36' title='bbox 945 883 1096 947; x_wconf 83' lang='lat' dir='ltr'>moribus</span> <span class='ocrx_word' id='word_1_37' title='bbox 1127 887 1165 948; x_wconf 78' lang='lat' dir='ltr'>el</span> <span class='ocrx_word' id='word_1_38' title='bbox 1190 887 1226 950; x_wconf 91' lang='lat' dir='ltr'>in</span> <span class='ocrx_word' id='word_1_39' title='bbox 1253 890 1297 950; x_wconf 87' lang='lat' dir='ltr'>iu-</span> 
     </span>
     <span class='ocr_line' id='line_1_7' title="bbox 330 989 1294 1071; baseline -0.001 -16"><span class='ocrx_word' id='word_1_40' title='bbox 330 1011 427 1056; x_wconf 85' lang='lat' dir='ltr'>eessu</span> <span class='ocrx_word' id='word_1_41' title='bbox 444 990 610 1068; x_wconf 74' lang='lat' dir='ltr'>LeauidiS,</span> <span class='ocrx_word' id='word_1_42' title='bbox 633 989 893 1071; x_wconf 71' lang='lat' dir='ltr'>paedagogiani,</span> <span class='ocrx_word' id='word_1_43' title='bbox 918 1009 983 1052; x_wconf 85' lang='lat' dir='ltr'>aaa</span> <span class='ocrx_word' id='word_1_44' title='bbox 1006 991 1162 1071; x_wconf 82' lang='lat' dir='ltr'>poluisse</span> <span class='ocrx_word' id='word_1_45' title='bbox 1184 1014 1294 1058; x_wconf 81' lang='lat' dir='ltr'>carere</span> 
     </span>
     <span class='ocr_line' id='line_1_8' title="bbox 245 1095 1293 1181; baseline 0.004 -21"><span class='ocrx_word' id='word_1_46' title='bbox 245 1097 283 1160; x_wconf 81' lang='lat'>15</span> <span class='ocrx_word' id='word_1_47' title='bbox 330 1098 430 1168; x_wconf 77' lang='lat' dir='ltr'>viliis,</span> <span class='ocrx_word' id='word_1_48' title='bbox 469 1096 589 1178; x_wconf 80' lang='lat' dir='ltr'>quibus</span> <span class='ocrx_word' id='word_1_49' title='bbox 629 1097 738 1160; x_wconf 86' lang='lat' dir='ltr'>adlruc</span> <span class='ocrx_word' id='word_1_50' title='bbox 780 1097 939 1178; x_wconf 77' lang='lat' dir='ltr'>parvulus</span> <span class='ocrx_word' id='word_1_51' title='bbox 983 1095 1047 1160; x_wconf 80' lang='lat' dir='ltr'>suit</span> <span class='ocrx_word' id='word_1_52' title='bbox 1097 1098 1293 1181; x_wconf 54' lang='lat' dir='ltr'>infeelusx‘fir</span> 
     </span>
     <span class='ocr_line' id='line_1_9' title="bbox 332 1201 1293 1287; baseline -0.002 -19"><span class='ocrx_word' id='word_1_53' title='bbox 332 1203 491 1268; x_wconf 79' lang='lat' dir='ltr'>Proclivis</span> <span class='ocrx_word' id='word_1_54' title='bbox 515 1207 564 1265; x_wconf 83' lang='lat' dir='ltr'>rsl</span> <span class='ocrx_word' id='word_1_55' title='bbox 582 1201 669 1265; x_wconf 89' lang='lat' dir='ltr'>euim</span> <span class='ocrx_word' id='word_1_56' title='bbox 698 1203 859 1266; x_wconf 90' lang='lat' dir='ltr'>malorum</span> <span class='ocrx_word' id='word_1_57' title='bbox 876 1201 1066 1276; x_wconf 82' lang='lat' dir='ltr'>aemulali0‚</span> <span class='ocrx_word' id='word_1_58' title='bbox 1091 1209 1125 1266; x_wconf 88' lang='lat' dir='ltr'>el</span> <span class='ocrx_word' id='word_1_59' title='bbox 1150 1225 1293 1287; x_wconf 84' lang='lat' dir='ltr'>quorum</span> 
     </span>
     <span class='ocr_line' id='line_1_10' title="bbox 332 1307 1185 1391; baseline 0.002 -19"><span class='ocrx_word' id='word_1_60' title='bbox 332 1309 473 1372; x_wconf 74' lang='lat' dir='ltr'>rirlules</span> <span class='ocrx_word' id='word_1_61' title='bbox 503 1309 635 1390; x_wconf 72' lang='lat' dir='ltr'>assequi</span> <span class='ocrx_word' id='word_1_62' title='bbox 662 1328 820 1391; x_wconf 69' lang='lat' dir='ltr'>aequem,</span> <span class='ocrx_word' id='word_1_63' title='bbox 845 1307 912 1372; x_wconf 85' lang='lat' dir='ltr'>cilo</span> <span class='ocrx_word' id='word_1_64' title='bbox 936 1308 1078 1370; x_wconf 73' lang='lat' dir='ltr'>imilaris</span> <span class='ocrx_word' id='word_1_65' title='bbox 1103 1310 1185 1374; x_wconf 87' lang='lat' dir='ltr'>rila.</span> 
     </span>
    </p>
   </div>
   <div class='ocr_carea' id='block_1_3' title="bbox 591 1553 913 1776">
    <p class='ocr_par' dir='ltr' id='par_1_3' title="bbox 591 1553 913 1776">
     <span class='ocr_line' id='line_1_11' title="bbox 713 1553 795 1618; baseline -0.012 -1"><span class='ocrx_word' id='word_1_66' title='bbox 713 1553 795 1618; x_wconf 70' lang='grc' dir='ltr'>ΧΠ.</span> 
     </span>
     <span class='ocr_line' id='line_1_12' title="bbox 591 1693 913 1776; baseline -0.006 -12"><span class='ocrx_word' id='word_1_67' title='bbox 591 1695 655 1764; x_wconf 79' lang='lat' dir='ltr'>Ex</span> <span class='ocrx_word' id='word_1_68' title='bbox 677 1693 913 1776; x_wconf 60' lang='lat' dir='ltr'>Juvenmea)</span> 
     </span>
    </p>
   </div>
   <div class='ocr_carea' id='block_1_4' title="bbox 333 1855 1346 3874">
    <p class='ocr_par' dir='ltr' id='par_1_4' title="bbox 333 1855 1293 1939">
     <span class='ocr_line' id='line_1_13' title="bbox 333 1855 1293 1939; baseline -0.004 -18"><span class='ocrx_word' id='word_1_69' title='bbox 333 1857 471 1922; x_wconf 88' lang='lat' dir='ltr'>Gralum</span> <span class='ocrx_word' id='word_1_70' title='bbox 489 1861 550 1933; x_wconf 72' lang='lat' dir='ltr'>esi,</span> <span class='ocrx_word' id='word_1_71' title='bbox 569 1858 658 1939; x_wconf 91' lang='lat' dir='ltr'>quod</span> <span class='ocrx_word' id='word_1_72' title='bbox 678 1855 805 1939; x_wconf 87' lang='lat' dir='ltr'>palriae</span> <span class='ocrx_word' id='word_1_73' title='bbox 823 1855 929 1919; x_wconf 86' lang='lat' dir='ltr'>eirem</span> <span class='ocrx_word' id='word_1_74' title='bbox 944 1856 1141 1938; x_wconf 83' lang='lat' dir='ltr'>populoque</span> <span class='ocrx_word' id='word_1_75' title='bbox 1160 1857 1293 1932; x_wconf 68' lang='lat' dir='ltr'>dedisll</span> 
     </span>
    </p>

    <p class='ocr_par' dir='ltr' id='par_1_5' title="bbox 334 1961 1179 2046">
     <span class='ocr_line' id='line_1_14' title="bbox 334 1961 1179 2046; baseline -0.005 -18"><span class='ocrx_word' id='word_1_76' title='bbox 334 1963 370 2028; x_wconf 70' lang='lat' dir='ltr'>Si</span> <span class='ocrx_word' id='word_1_77' title='bbox 395 1963 487 2040; x_wconf 76' lang='lat' dir='ltr'>facis,</span> <span class='ocrx_word' id='word_1_78' title='bbox 513 1967 549 2027; x_wconf 89' lang='lat' dir='ltr'>ul</span> <span class='ocrx_word' id='word_1_79' title='bbox 573 1964 701 2046; x_wconf 86' lang='lat' dir='ltr'>palriae.</span> <span class='ocrx_word' id='word_1_80' title='bbox 725 1962 767 2026; x_wconf 85' lang='lat' dir='ltr'>sil</span> <span class='ocrx_word' id='word_1_81' title='bbox 790 1961 940 2032; x_wconf 77' lang='lat' dir='ltr'>idoneus,</span> <span class='ocrx_word' id='word_1_82' title='bbox 964 1961 1054 2024; x_wconf 85' lang='lat' dir='ltr'>utilis</span> <span class='ocrx_word' id='word_1_83' title='bbox 1080 1961 1179 2042; x_wconf 62' lang='lat' dir='ltr'>agria</span> 
     </span>
    </p>

    <p class='ocr_par' dir='ltr' id='par_1_6' title="bbox 335 2067 1148 2151">
     <span class='ocr_line' id='line_1_15' title="bbox 335 2067 1148 2151; baseline -0.005 -17"><span class='ocrx_word' id='word_1_84' title='bbox 335 2070 434 2134; x_wconf 74' lang='lat' dir='ltr'>[uilis</span> <span class='ocrx_word' id='word_1_85' title='bbox 459 2074 492 2134; x_wconf 85' lang='lat' dir='ltr'>el</span> <span class='ocrx_word' id='word_1_86' title='bbox 516 2071 679 2133; x_wconf 84' lang='lat' dir='ltr'>bellorum</span> <span class='ocrx_word' id='word_1_87' title='bbox 705 2073 737 2132; x_wconf 78' lang='lat' dir='ltr'>el</span> <span class='ocrx_word' id='word_1_88' title='bbox 761 2067 852 2151; x_wconf 80' lang='lat' dir='ltr'>pacis</span> <span class='ocrx_word' id='word_1_89' title='bbox 878 2069 975 2132; x_wconf 83' lang='lat' dir='ltr'>rebus</span> <span class='ocrx_word' id='word_1_90' title='bbox 1000 2069 1148 2150; x_wconf 78' lang='lat' dir='ltr'><strong>agendis,</strong></span> 
     </span>
    </p>

    <p class='ocr_par' dir='ltr' id='par_1_7' title="bbox 337 2174 1290 2344">
     <span class='ocr_line' id='line_1_16' title="bbox 337 2174 1290 2257; baseline -0.006 -17"><span class='ocrx_word' id='word_1_91' title='bbox 337 2176 520 2240; x_wconf 75' lang='lat' dir='ltr'>Plurimum</span> <span class='ocrx_word' id='word_1_92' title='bbox 542 2176 630 2238; x_wconf 86' lang='lat' dir='ltr'>euim</span> <span class='ocrx_word' id='word_1_93' title='bbox 649 2177 812 2249; x_wconf 79' lang='lat' dir='ltr'>iulereril,</span> <span class='ocrx_word' id='word_1_94' title='bbox 830 2175 953 2257; x_wconf 77' lang='lat' dir='ltr'>quibus</span> <span class='ocrx_word' id='word_1_95' title='bbox 970 2174 1099 2238; x_wconf 87' lang='lat' dir='ltr'>arlibus</span> <span class='ocrx_word' id='word_1_96' title='bbox 1116 2177 1150 2236; x_wconf 84' lang='lat' dir='ltr'>el</span> <span class='ocrx_word' id='word_1_97' title='bbox 1166 2175 1290 2255; x_wconf 78' lang='lat' dir='ltr'>quibus</span> 
     </span>
     <span class='ocr_line' id='line_1_17' title="bbox 1031 2280 1181 2344; baseline 0.013 -2"><span class='ocrx_word' id='word_1_98' title='bbox 1031 2280 1120 2343; x_wconf 87' lang='lat' dir='ltr'>huuc</span> <span class='ocrx_word' id='word_1_99' title='bbox 1146 2286 1181 2344; x_wconf 84' lang='lat' dir='ltr'>lu</span> 
     </span>
    </p>

    <p class='ocr_par' dir='ltr' id='par_1_8' title="bbox 334 2386 1167 2469">
     <span class='ocr_line' id='line_1_18' title="bbox 334 2386 1167 2469; baseline -0.005 -17"><span class='ocrx_word' id='word_1_100' title='bbox 334 2389 480 2453; x_wconf 77' lang='lat' dir='ltr'>Moribus</span> <span class='ocrx_word' id='word_1_101' title='bbox 505 2388 669 2451; x_wconf 78' lang='lat' dir='ltr'>iusiiluas,</span> <span class='ocrx_word' id='word_1_102' title='bbox 718 2389 881 2469; x_wconf 77' lang='lat' dir='ltr'>Serpeule</span> <span class='ocrx_word' id='word_1_103' title='bbox 906 2386 1032 2450; x_wconf 87' lang='lat' dir='ltr'>eieouia</span> <span class='ocrx_word' id='word_1_104' title='bbox 1056 2386 1167 2467; x_wconf 82' lang='lat' dir='ltr'>pullus</span> 
     </span>
    </p>

    <p class='ocr_par' dir='ltr' id='par_1_9' title="bbox 333 2493 1125 2574">
     <span class='ocr_line' id='line_1_19' title="bbox 333 2493 1125 2574; baseline -0.005 -16"><span class='ocrx_word' id='word_1_105' title='bbox 333 2495 442 2558; x_wconf 85' lang='lat' dir='ltr'>Nulril</span> <span class='ocrx_word' id='word_1_106' title='bbox 469 2498 502 2556; x_wconf 84' lang='lat' dir='ltr'>el</span> <span class='ocrx_word' id='word_1_107' title='bbox 528 2494 664 2558; x_wconf 88' lang='lat' dir='ltr'>iureula</span> <span class='ocrx_word' id='word_1_108' title='bbox 689 2514 747 2574; x_wconf 88' lang='lat' dir='ltr'>per</span> <span class='ocrx_word' id='word_1_109' title='bbox 771 2495 866 2557; x_wconf 89' lang='lat' dir='ltr'>deria</span> <span class='ocrx_word' id='word_1_110' title='bbox 892 2513 968 2555; x_wconf 90' lang='lat' dir='ltr'>rura</span> <span class='ocrx_word' id='word_1_111' title='bbox 993 2493 1125 2556; x_wconf 77' lang='lat' dir='ltr'>lacerta.</span> 
     </span>
    </p>

    <p class='ocr_par' dir='ltr' id='par_1_10' title="bbox 334 2597 1346 2682">
     <span class='ocr_line' id='line_1_20' title="bbox 334 2597 1346 2682; baseline -0.002 -18"><span class='ocrx_word' id='word_1_112' title='bbox 334 2601 385 2665; x_wconf 92' lang='lat' dir='ltr'>Illi</span> <span class='ocrx_word' id='word_1_113' title='bbox 410 2602 525 2664; x_wconf 82' lang='lat' dir='ltr'>earlem</span> <span class='ocrx_word' id='word_1_114' title='bbox 550 2601 694 2682; x_wconf 78' lang='lat' dir='ltr'>sumplis</span> <span class='ocrx_word' id='word_1_115' title='bbox 719 2605 887 2681; x_wconf 86' lang='lat' dir='ltr'>quaeruul</span> <span class='ocrx_word' id='word_1_116' title='bbox 910 2597 1068 2661; x_wconf 84' lang='lat' dir='ltr'>animalia</span> <span class='ocrx_word' id='word_1_117' title='bbox 1091 2601 1226 2678; x_wconf 88' lang='lat' dir='ltr'>permis.</span> <span class='ocrx_word' id='word_1_118' title='bbox 1345 2603 1346 2672; x_wconf 70' lang='lat' dir='ltr'>l</span> 
     </span>
    </p>

    <p class='ocr_par' dir='ltr' id='par_1_11' title="bbox 334 2705 1242 2786">
     <span class='ocr_line' id='line_1_21' title="bbox 334 2705 1242 2786; baseline -0.001 -16"><span class='ocrx_word' id='word_1_119' title='bbox 334 2707 453 2770; x_wconf 80' lang='lat' dir='ltr'>l&#39;ullur</span> <span class='ocrx_word' id='word_1_120' title='bbox 477 2706 626 2770; x_wconf 85' lang='lat' dir='ltr'>iumeulu</span> <span class='ocrx_word' id='word_1_121' title='bbox 650 2710 679 2769; x_wconf 87' lang='lat' dir='ltr'>el</span> <span class='ocrx_word' id='word_1_122' title='bbox 706 2705 845 2769; x_wconf 84' lang='lat' dir='ltr'>eauibus</span> <span class='ocrx_word' id='word_1_123' title='bbox 869 2706 1089 2786; x_wconf 78' lang='lat' dir='ltr'>crucibusque</span> <span class='ocrx_word' id='word_1_124' title='bbox 1115 2705 1242 2769; x_wconf 85' lang='lat' dir='ltr'>relielis</span> 
     </span>
    </p>

    <p class='ocr_par' dir='ltr' id='par_1_12' title="bbox 333 2811 1232 2894">
     <span class='ocr_line' id='line_1_22' title="bbox 333 2811 1232 2894; baseline 0 -20"><span class='ocrx_word' id='word_1_125' title='bbox 333 2814 385 2876; x_wconf 77' lang='lat' dir='ltr'>Ael</span> <span class='ocrx_word' id='word_1_126' title='bbox 411 2815 497 2877; x_wconf 77' lang='lat' dir='ltr'>selus</span> <span class='ocrx_word' id='word_1_127' title='bbox 522 2816 681 2894; x_wconf 80' lang='lat' dir='ltr'>properat</span> <span class='ocrx_word' id='word_1_128' title='bbox 704 2817 903 2894; x_wconf 75' lang='lat' dir='ltr'>partemque</span> <span class='ocrx_word' id='word_1_129' title='bbox 928 2811 1097 2874; x_wconf 77' lang='lat' dir='ltr'>cadaveris</span> <span class='ocrx_word' id='word_1_130' title='bbox 1123 2811 1232 2875; x_wconf 79' lang='lat' dir='ltr'>allerl.</span> 
     </span>
    </p>

    <p class='ocr_par' dir='ltr' id='par_1_13' title="bbox 334 2917 1268 3000">
     <span class='ocr_line' id='line_1_23' title="bbox 334 2917 1268 3000; baseline -0.001 -19"><span class='ocrx_word' id='word_1_131' title='bbox 334 2919 395 2981; x_wconf 83' lang='lat' dir='ltr'>llic</span> <span class='ocrx_word' id='word_1_132' title='bbox 420 2921 469 2982; x_wconf 81' lang='lat' dir='ltr'>esi</span> <span class='ocrx_word' id='word_1_133' title='bbox 494 2941 571 3000; x_wconf 80' lang='lat' dir='ltr'>ergo</span> <span class='ocrx_word' id='word_1_134' title='bbox 596 2921 690 2982; x_wconf 76' lang='lat' dir='ltr'>cibus</span> <span class='ocrx_word' id='word_1_135' title='bbox 716 2918 824 2999; x_wconf 77' lang='lat' dir='ltr'>magui</span> <span class='ocrx_word' id='word_1_136' title='bbox 849 2937 983 2999; x_wconf 84' lang='lat' dir='ltr'>quoque</span> <span class='ocrx_word' id='word_1_137' title='bbox 1006 2917 1151 2980; x_wconf 82' lang='lat' dir='ltr'>rulluris</span> <span class='ocrx_word' id='word_1_138' title='bbox 1176 2923 1210 2981; x_wconf 76' lang='lat' dir='ltr'>et</span> <span class='ocrx_word' id='word_1_139' title='bbox 1235 2940 1268 2982; x_wconf 84' lang='lat' dir='ltr'>se</span> 
     </span>
    </p>

    <p class='ocr_par' dir='ltr' id='par_1_14' title="bbox 338 3023 1247 3105">
     <span class='ocr_line' id='line_1_24' title="bbox 338 3023 1247 3105; baseline -0.001 -17"><span class='ocrx_word' id='word_1_140' title='bbox 338 3025 521 3099; x_wconf 62' lang='lat' dir='ltr'>Paseeulia</span> <span class='ocrx_word' id='word_1_141' title='bbox 546 3026 683 3105; x_wconf 83' lang='lat' dir='ltr'>propria</span> <span class='ocrx_word' id='word_1_142' title='bbox 707 3045 781 3088; x_wconf 83' lang='lat' dir='ltr'>eum</span> <span class='ocrx_word' id='word_1_143' title='bbox 806 3025 871 3087; x_wconf 90' lang='lat' dir='ltr'>iam</span> <span class='ocrx_word' id='word_1_144' title='bbox 895 3023 971 3086; x_wconf 84' lang='lat' dir='ltr'>facil</span> <span class='ocrx_word' id='word_1_145' title='bbox 998 3023 1114 3086; x_wconf 89' lang='lat' dir='ltr'>arbore</span> <span class='ocrx_word' id='word_1_146' title='bbox 1140 3024 1247 3087; x_wconf 74' lang='lat' dir='ltr'>uidae.</span> 
     </span>
    </p>

    <p class='ocr_par' dir='ltr' id='par_1_15' title="bbox 333 3129 1288 3212">
     <span class='ocr_line' id='line_1_25' title="bbox 333 3129 1288 3212; baseline 0 -18"><span class='ocrx_word' id='word_1_147' title='bbox 333 3132 399 3194; x_wconf 88' lang='lat' dir='ltr'>Sed</span> <span class='ocrx_word' id='word_1_148' title='bbox 413 3131 560 3212; x_wconf 85' lang='lat' dir='ltr'>leporem</span> <span class='ocrx_word' id='word_1_149' title='bbox 574 3135 630 3194; x_wconf 90' lang='lat' dir='ltr'>aul</span> <span class='ocrx_word' id='word_1_150' title='bbox 644 3150 798 3211; x_wconf 78' lang='lat' dir='ltr'>capream</span> <span class='ocrx_word' id='word_1_151' title='bbox 814 3129 1054 3194; x_wconf 81' lang='lat' dir='ltr'>larrrulaeluris</span> <span class='ocrx_word' id='word_1_152' title='bbox 1064 3133 1097 3192; x_wconf 85' lang='lat' dir='ltr'>el</span> <span class='ocrx_word' id='word_1_153' title='bbox 1108 3149 1288 3210; x_wconf 81' lang='lat' dir='ltr'>generosae</span> 
     </span>
    </p>

    <p class='ocr_par' dir='ltr' id='par_1_16' title="bbox 334 3235 1194 3318">
     <span class='ocr_line' id='line_1_26' title="bbox 334 3235 1194 3318; baseline 0 -19"><span class='ocrx_word' id='word_1_154' title='bbox 334 3237 371 3299; x_wconf 87' lang='lat' dir='ltr'>Ia</span> <span class='ocrx_word' id='word_1_155' title='bbox 396 3237 482 3299; x_wconf 86' lang='lat' dir='ltr'>sallu</span> <span class='ocrx_word' id='word_1_156' title='bbox 507 3239 672 3300; x_wconf 84' lang='lat' dir='ltr'>renaulur</span> <span class='ocrx_word' id='word_1_157' title='bbox 694 3257 780 3300; x_wconf 77' lang='lat' dir='ltr'>ares,</span> <span class='ocrx_word' id='word_1_158' title='bbox 821 3237 916 3299; x_wconf 86' lang='lat' dir='ltr'>Tuae</span> <span class='ocrx_word' id='word_1_159' title='bbox 940 3236 1065 3318; x_wconf 79' lang='lat' dir='ltr'>praerla</span> <span class='ocrx_word' id='word_1_160' title='bbox 1090 3235 1194 3299; x_wconf 85' lang='lat' dir='ltr'>cubili</span> 
     </span>
    </p>

    <p class='ocr_par' dir='ltr' id='par_1_17' title="bbox 336 3340 1224 3420">
     <span class='ocr_line' id='line_1_27' title="bbox 336 3340 1224 3420; baseline 0.002 -15"><span class='ocrx_word' id='word_1_161' title='bbox 336 3342 484 3405; x_wconf 89' lang='lat' dir='ltr'>Pouilur.</span> <span class='ocrx_word' id='word_1_162' title='bbox 533 3344 614 3406; x_wconf 90' lang='lat' dir='ltr'>lude</span> <span class='ocrx_word' id='word_1_163' title='bbox 639 3347 759 3420; x_wconf 87' lang='lat' dir='ltr'>aulem,</span> <span class='ocrx_word' id='word_1_164' title='bbox 785 3362 857 3405; x_wconf 88' lang='lat' dir='ltr'>eum</span> <span class='ocrx_word' id='word_1_165' title='bbox 883 3363 919 3404; x_wconf 84' lang='lat' dir='ltr'>se</span> <span class='ocrx_word' id='word_1_166' title='bbox 944 3344 1073 3404; x_wconf 84' lang='lat' dir='ltr'>matura</span> <span class='ocrx_word' id='word_1_167' title='bbox 1098 3340 1224 3407; x_wconf 80' lang='lat' dir='ltr'>levabit</span> 
     </span>
    </p>

    <p class='ocr_par' dir='ltr' id='par_1_18' title="bbox 337 3446 1212 3529">
     <span class='ocr_line' id='line_1_28' title="bbox 337 3446 1212 3529; baseline 0 -18"><span class='ocrx_word' id='word_1_168' title='bbox 337 3447 527 3529; x_wconf 68' lang='lat' dir='ltr'>Progeniea</span> <span class='ocrx_word' id='word_1_169' title='bbox 552 3447 745 3511; x_wconf 85' lang='lat' dir='ltr'>slimulaule</span> <span class='ocrx_word' id='word_1_170' title='bbox 770 3449 856 3511; x_wconf 88' lang='lat' dir='ltr'>same</span> <span class='ocrx_word' id='word_1_171' title='bbox 881 3449 1015 3512; x_wconf 74' lang='lat' dir='ltr'>festiual</span> <span class='ocrx_word' id='word_1_172' title='bbox 1040 3447 1081 3510; x_wconf 84' lang='lat' dir='ltr'>ad</span> <span class='ocrx_word' id='word_1_173' title='bbox 1106 3446 1212 3528; x_wconf 85' lang='lat' dir='ltr'>illam,</span> 
     </span>
    </p>

    <p class='ocr_par' dir='ltr' id='par_1_19' title="bbox 336 3551 1346 3874">
     <span class='ocr_line' id='line_1_29' title="bbox 336 3551 1346 3874; baseline 0.003 -258"><span class='ocrx_word' id='word_1_174' title='bbox 336 3553 443 3630; x_wconf 89' lang='lat' dir='ltr'>Quam</span> <span class='ocrx_word' id='word_1_175' title='bbox 469 3555 613 3635; x_wconf 90' lang='lat' dir='ltr'>primum</span> <span class='ocrx_word' id='word_1_176' title='bbox 638 3555 796 3634; x_wconf 86' lang='lat' dir='ltr'>praedam</span> <span class='ocrx_word' id='word_1_177' title='bbox 822 3556 920 3634; x_wconf 88' lang='lat' dir='ltr'>ruplo</span> <span class='ocrx_word' id='word_1_178' title='bbox 944 3551 1127 3634; x_wconf 72' lang='lat' dir='ltr'>puslareril</span> <span class='ocrx_word' id='word_1_179' title='bbox 1152 3575 1227 3618; x_wconf 83' lang='lat' dir='ltr'>ore.</span> <span class='ocrx_word' id='word_1_180' title='bbox 1340 3583 1346 3874; x_wconf 58' lang='lat' dir='ltr'>p</span> 
     </span>
    </p>
   </div>
   <div class='ocr_carea' id='block_1_5' title="bbox 0 0 1388 4360">
    <p class='ocr_par' dir='ltr' id='par_1_20' title="bbox 0 0 1388 4360">
     <span class='ocr_line' id='line_1_30' title="bbox 0 0 1388 4360; baseline 0 0"><span class='ocrx_word' id='word_1_181' title='bbox 0 0 1388 4360; x_wconf 95' lang='lat' dir='ltr'> </span> 
     </span>
    </p>
   </div>
  </div>
 </body>
</html>
