2632 4718
1 4272 24 4311 ip!

5 4316 28 4351 ’,Α

757 696 977 763 ,58-

496 874 540 939 ln
566 872 902 939 introductiones
926 873 1296 957 plrilosophicasJ
1312 903 1316 932 τ

338 984 401 1047 1ῖο
448 980 569 1045 Fabri
593 980 855 1063 Stapulensis
893 980 1039 1047 Jodocus
1065 978 1315 1049 Clichtoraeus

447 1088 518 1171 et*)
548 1088 582 1151 in
612 1087 838 1171 Augustiuum
872 1088 1018 1151 Datbum
1047 1107 1117 1153 uon
1146 1094 1314 1155 contemn

446 1176 583 1259 scripsit
605 1176 909 1255 commentariolos,
940 1176 999 1241 sed
1030 1176 1130 1259 louge
1161 1179 1288 1243 maiori

447 1284 567 1367 diguus
592 1286 653 1361 est,
677 1284 769 1365 quod
786 1283 942 1349 familiari
966 1284 1053 1365 stylo
1070 1284 1248 1351 enarravit
1264 1286 1310 1364 11)·

448 1389 578 1455 cantica
601 1389 846 1469 ecclesiastica,
877 1389 1119 1471 praefationes,
1152 1410 1294 1457 sacrum

339 1500 400 1563 175
448 1516 524 1561 uem
565 1500 598 1561 et
631 1515 769 1579 prosas,
803 1516 889 1579 quas
923 1497 1043 1579 rulgus
1071 1498 1275 1579 sequentias

451 1602 630 1685 inopere,
662 1604 753 1685 quod
776 1602 969 1667 inscribitur
994 1602 1288 1681 „Elucidatorium

448 1709 653 1773 siasticum“.

496 1816 538 1880 In
585 1814 821 1897 Baptistam
866 1816 1128 1881 blantuanum
1188 1816 1315 1883 Sebast

448 1924 577 2001 Murro,
608 1922 829 1987 Sebastianus
860 1922 1008 1988 Brantus
1037 1926 1073 1987 et
1101 1922 1254 1989 Jodocus
1278 1924 1316 1989 Β1

345 2032 408 2093 lttt)
453 2050 554 2112 quem
592 2029 691 2093 relim
730 2029 889 2111 pauciora
926 2028 1103 2112 scripsisse
1147 2032 1182 2094 et
1221 2050 1308 2097 accu

450 2136 629 2201 emendata
656 2134 863 2218 poeticisque.
895 2134 1075 2201 involucris
1111 2138 1284 2201 examussi

453 2242 618 2326 plicaurlis
642 2242 781 2324 aptiora.

502 2350 545 2413 ln
571 2349 759 2413 lrcroicos
784 2368 877 2413 suos
908 2349 1274 2427 lrymuosloannes

456 2456 595 2519 ciscus
633 2455 751 2519 Picus
790 2459 905 2519 arrictor
940 2457 1011 2538 ipse
1046 2454 1246 2521 utilissimos
1283 2478 1299 2519 s

351 2565 411 2627 tuo
458 2563 730 2639 commentarios,
754 2564 789 2625 iu
813 2562 936 2643 quibus
959 2562 1134 2643 multiiuga
1163 2567 1195 2626 et
1221 2564 1307 2628 rari

454 2668 534 2732 (litio
558 2669 758 2732 continetur.

498 2776 542 2837 ln
566 2777 873 2839 staurosticbon
898 2776 1085 2840 eiusdem
1109 2776 1306 2859 laeobnsSp

449 2901 514 2943 111111
539 2884 817 2946 ronteumerulam
841 2883 975 2964 scripsit
998 2883 1258 2946 enarrationem.

498 2988 619 3050 llultos
643 2989 792 3069 puniens
815 2992 997 3071 praetereo.
1022 2990 1078 3070 qui
1104 2988 1169 3053 iam
1193 2991 1315 3072 scripsi

345 3097 405 3159 tuo
451 3094 679 3157 enarrationes
697 3095 773 3158 usui
790 3094 1026 3174 struiiosorum,
1047 3116 1108 3158 uec
1124 3095 1242 3160 dubito
1261 3097 1296 3160 iu

453 3200 655 3283 optimorum
688 3201 892 3267 rolumiuum
927 3202 1023 3284 eopia
1058 3202 1155 3285 plura
1189 3201 1224 3266 iu
1264 3205 1314 3267 ‹lir

450 3309 556 3371 lucem
586 3310 770 3390 proditura.
817 3310 884 3373 Sed
920 3329 1022 3373 uutun
1056 3308 1190 3372 minime
1219 3328 1303 3390 prae

450 3416 572 3479 ciclico:
612 3415 796 3479 tlerarduru
838 3415 995 3479 liistrium
1034 3417 1267 3493 ltlreueusem,

454 3520 639 3601 linguarum
665 3522 901 3604 principalium
926 3523 1056 3604 egregie
1076 3521 1233 3604 peritum.
1257 3525 1301 3587 acl

343 3630 403 3693 tna
451 3628 615 3691 arrecticum
647 3629 781 3693 uriuime
806 3631 992 3711 vulgarem,
1021 3629 1080 3711 qui
1110 3629 1143 3691 in
1168 3629 1295 3695 Ericor

450 3733 597 3796 lloriae
623 3735 794 3807 lirasmi,
818 3736 965 3799 libellum
990 3756 1066 3799 rere
1090 3755 1240 3799 aureum.
1272 3740 1308 3800 ta

451 3840 651 3920 quilnrsrlam
688 3842 895 3921 tlwoloeistis
926 3862 993 3905 uon
1028 3842 1168 3923 placeat,
1205 3842 1306 3906 bellis

450 3950 707 4011 commentarios
736 3949 851 4014 orticlit.
901 3949 1036 4013 lltinaru
1064 3950 1117 4012 lric
1149 3948 1312 4030 aliquaud

453 4052 565 4117 inritis
584 4055 762 4121 Alexandri
780 4057 1085 4141 propugrmtoribus
1110 4056 1225 4121 eludo
1243 4057 1316 4121 lun

427 4304 453 4373 ⁸)
474 4312 498 4357 et
519 4305 583 4358 selrlt
603 4306 630 4357 iu
652 4306 681 4357 ll.
