2632 4718
551 565 771 631 ..51-

218 742 335 825 gineus
360 741 405 808 sit
427 743 536 825 paniS,
565 743 774 810 emendicato
797 743 925 810 furfure
952 745 1056 827 magis
1078 745 1191 811 vesci?

219 849 337 914 Cesset
359 849 491 915 vanitas
514 849 572 916 illa
592 851 803 934 quorundam
818 851 1000 933 hominum,
1025 853 1083 936 qui
1099 857 1192 919 extra

217 956 364 1039 patriam
388 955 511 1021 liberos
540 977 619 1022 suos
647 957 765 1023 melius
788 957 949 1041 proficere
973 960 1190 1026 arbitrantur.

218 1063 296 1129 Non
322 1067 466 1145 possunt
494 1067 597 1145 certe,
634 1067 663 1130 si
693 1065 802 1132 Plinio
831 1066 952 1130 iuniori
961 1066 987 1152 ¹)
1015 1069 1191 1148 credimus,

128 1171 171 1236 10
219 1174 279 1236 aut
302 1170 480 1236 iucundius
504 1172 634 1252 morari,
658 1192 758 1254 quam
783 1174 817 1237 in
837 1173 947 1257 patria
963 1178 1021 1238 aut
1037 1175 1192 1258 pudicius

216 1277 399 1358 contineri,
428 1297 529 1359 quam
558 1279 621 1344 sub
650 1279 755 1345 oculis
785 1283 961 1362 parentum
985 1285 1042 1346 aut
1065 1281 1191 1346 minore

217 1390 368 1468 sumptu,
392 1405 493 1469 quam
518 1386 615 1451 domi.
649 1386 725 1452 Non
742 1387 942 1452 convalescit
958 1388 1082 1472 planta,
1107 1407 1191 1471 quae

217 1512 320 1575 saepe
332 1492 542 1558 transfertur.
567 1493 770 1576 Magistrum,
784 1495 837 1559 cui
850 1495 951 1560 semel
962 1499 1192 1574 assueverunt,

218 1600 247 1663 si
271 1601 372 1666 modo
394 1600 504 1666 bonus
528 1600 585 1681 sit,
617 1602 781 1683 tantisper
805 1636 846 1651 -
870 1603 898 1666 si
927 1602 1098 1667 commode
1122 1600 1192 1666 fieri

125 1709 166 1771 15
215 1709 394 1789 potest-
419 1707 572 1787 audiant,
603 1709 708 1774 donec
742 1711 776 1774 et
808 1709 989 1775 litterarum
1013 1708 1134 1792 peritia
1157 1712 1191 1773 et

218 1817 331 1880 aetate
354 1815 460 1880 adulti
483 1817 525 1880 ad
549 1815 779 1899 philosophiae
804 1817 913 1881 studia
936 1816 971 1880 in
988 1816 1192 1881 academiam

218 1922 367 2004 aliquam
382 1923 659 1988 transmittantur.
685 1924 818 1988 Interea
833 1925 987 2006 parentes
1004 1923 1191 2006 pecuniam,

219 2048 322 2112 quam
356 2029 504 2112 alioquin
538 2030 726 2114 expendere
762 2032 973 2112 cogerentur,
1011 2028 1088 2094 filiis
1123 2030 1192 2094 suis

218 2139 368 2220 parcant,
392 2139 429 2201 ut
448 2138 566 2220 postea
581 2135 813 2220 philosophico
830 2135 1048 2203 contubernio
1066 2137 1192 2202 diutius

125 2246 172 2310 20
221 2244 388 2308 interesse
410 2243 550 2326 possint.

620 2529 701 2595 xlx.

142 2705 260 2801 Quae
284 2704 365 2775 sint
387 2704 572 2793 discipuli
595 2719 688 2795 erga
709 2708 1010 2794 praeceptorem
1034 2704 1174 2774 officia.

155 2908 169 2970 1
222 2905 288 2982 Qui
312 2903 489 2988 probatum
513 2906 764 2986 praeceptorem
788 2907 906 2968 nactus
930 2905 999 2981 est,
1030 2903 1192 2984 imprimis

177 3011 180 3015 ’
221 3031 299 3075 eum
322 3015 410 3076 amet
437 3013 470 3076 et
492 3012 588 3076 colat.
635 3010 694 3075 Est
723 3010 811 3075 enim
838 3029 930 3074 amor
965 3011 1053 3073 teste
1083 3008 1191 3074 Plinio

220 3118 347 3184 iuniore
356 3118 383 3202 ¹)
406 3119 561 3200 magister
585 3117 739 3199 optimus.
784 3117 836 3197 Et,
860 3120 897 3181 ut
921 3117 1078 3181 Petrarca
1102 3115 1192 3198 dicit,

221 3226 324 3290 habet
347 3226 409 3289 hoc
433 3224 542 3290 omnis
568 3224 734 3289 doctrina:
759 3225 861 3289 Multo
884 3223 1013 3289 facilius
1037 3222 1072 3286 in
1097 3223 1192 3287 audi-

154 3333 174 3396 5
222 3331 304 3395 ton's
327 3331 476 3396 animum
499 3333 541 3396 ab
565 3335 674 3396 amato
696 3335 914 3415 praeceptore
938 3329 1191 3396 transfunditur.

222 3437 483 3524 Quintilianus2)
517 3437 551 3503 iu
582 3439 612 3503 Il
642 3439 728 3504 libro
757 3439 805 3502 sic
829 3438 959 3503 scribit:
997 3437 1118 3515 ,Plura
1152 3437 1193 3500 de

222 3543 339 3610 officiis
356 3545 545 3611 docentium
559 3546 688 3611 locutus
701 3545 883 3627 discipulos
896 3544 930 3610 id
943 3564 1045 3609 unum
1059 3542 1193 3607 interim

222 3672 358 3731 moneo,
393 3655 431 3717 ut
461 3655 693 3735 praeceptores
726 3672 804 3718 suos
835 3672 904 3717 non
933 3651 1059 3725 minus,
1093 3669 1194 3732 quam

221 3759 294 3843 ipsa
321 3760 432 3824 studia
461 3763 572 3824 ament
608 3763 641 3824 et
674 3762 830 3842 parentes
860 3779 932 3823 esse
962 3778 1027 3821 non
1059 3756 1194 3838 quidem

135 3868 177 3933 10
224 3886 416 3950 corporum,
451 3869 512 3931 sed
547 3866 706 3931 mentium
740 3866 887 3930 credant.
935 3865 1075 3929 Multum
1111 3864 1193 3927 haec

223 3973 331 4055 pietas
356 3973 484 4039 confert
508 3974 629 4051 studio,
659 3993 735 4038 nam
761 3973 806 4037 ita
830 3976 865 4036 et
888 3970 1032 4034 libenter
1056 3969 1194 4034 audient

224 4085 257 4145 nt
280 4081 375 4145 dictis
400 4081 535 4145 credent
563 4083 596 4145 et
623 4100 696 4145 esse
724 4077 846 4143 similes
876 4077 1129 4160 concupiscent,
1159 4075 1193 4139 in

224 4185 314 4271 ipsos
348 4187 494 4269 denique
523 4190 636 4253 coetus
665 4186 854 4252 scholarum
888 4183 967 4249 laeti
1000 4186 1033 4246 et
1067 4182 1193 4246 alacres

981 4324 1025 4390 4.
