2632 4718
554 566 774 630 „41-

224 742 397 826 Augustus
419 744 455 808 in
479 742 656 808 Mutinensi
681 742 779 817 bello,
803 760 873 806 rem
898 744 1025 806 tantam
1048 742 1195 821 adortus,

220 870 356 933 semper
379 855 492 915 tamen
515 850 549 913 in
572 850 690 914 castris
720 850 829 931 legere
860 853 919 914 aut
942 849 1088 914 scribere
1113 869 1195 932 quo-

220 957 370 1040 tidieque
414 958 627 1022 declamitare
670 959 899 1021 consueuerat.
962 955 1121 1035 Senecatr
1160 959 1195 1020 in

126 1067 173 1130 30
218 1069 337 1130 octava
360 1066 402 1129 ad
420 1064 584 1129 Lucilium
605 1064 747 1145 epistola
770 1063 818 1127 sic
843 1064 883 1127 de
908 1084 942 1127 se
967 1063 1026 1128 ait:
1054 1064 1195 1143 „Nullus

219 1172 301 1236 mihi
324 1192 385 1255 per
408 1173 513 1236 otium
538 1171 608 1235 dies
632 1163 719 1248 erit,
746 1175 876 1253 partem
905 1171 1052 1234 noctium
1077 1170 1195 1235 studiis

220 1278 367 1351 uindico:
392 1299 460 1344 non
482 1299 563 1343 raco
587 1298 714 1345 somne.
739 1279 798 1342 sed
822 1279 1002 1342 succumbo
1026 1282 1058 1341 et
1082 1279 1194 1343 oeulos

219 1386 332 1467 vigilia
367 1387 522 1468 fatigatos
557 1387 781 1467 cadentesque
817 1386 851 1449 in
890 1405 990 1466 opere
1026 1386 1191 1450 detineo.“

221 1493 431 1567 Aristotelea,
456 1513 532 1557 cum
556 1513 591 1557 se
615 1494 655 1556 ad
681 1492 827 1574 quietern
844 1495 1069 1572 componeret,
1093 1493 1195 1573 pilam

152 1643 160 1662 .
223 1619 360 1664 aeneam
384 1600 418 1663 in
443 1620 542 1664 manu
568 1600 722 1666 habebat.
747 1600 799 1662 cui
817 1599 950 1663 suberat
970 1619 1027 1662 ras
1044 1619 1196 1680 aeneum,

220 1711 267 1782 ut,
292 1706 320 1770 si
344 1706 411 1788 pila
435 1727 453 1770 e
479 1726 578 1770 manu
603 1704 787 1783 excidisset,
811 1705 920 1769 sonitu
945 1706 985 1769 ad
1008 1725 1068 1769 sua
1085 1706 1195 1769 studia

219 1819 253 1879 et
269 1814 570 1897 contemplationes
587 1814 795 1878 excitaretur.
823 1813 913 1877 Haec
931 1813 1027 1877 nobis
1045 1815 1195 1895 exempla

220 1940 459 2004 proponamus,
484 1924 519 1984 et
543 1921 701 1985 maiorem
726 1920 798 1984 aeri
823 1925 950 2002 partem
976 1941 1092 1983 somno
1116 1941 1194 1984 con-

219 2049 352 2092 sumere
383 2028 520 2092 tandem
551 2029 702 2111 pudebit.
750 2028 1013 2092 Exercitabimur
1042 2029 1130 2092 certe
1163 2029 1194 2090 et

219 2136 391 2199 ardentius
420 2137 526 2200 bonas
559 2139 646 2198 artes
678 2136 934 2216 amplectemur,
971 2135 998 2198 si
1032 2136 1193 2216 temporis

217 2242 365 2325 prelium
389 2242 685 2306 aestimaverimus.

220 2349 310 2427 „Nec
334 2368 420 2430 quae
444 2350 616 2430 praeteriit
641 2369 741 2413 cursu
766 2349 976 2412 revocabitur
1000 2350 1099 2420 unda,

267 2457 336 2519 Nec
360 2476 447 2538 quae
470 2455 642 2538 praeteriit
668 2457 748 2519 bora
772 2456 880 2519 redire
905 2458 1082 2540 potest.“³)

219 2563 367 2628 l'ueritia
387 2563 509 2644 raptim
531 2562 622 2644 fugit.
647 2564 705 2626 sed
723 2562 907 2645 puerilitas,
933 2563 999 2626 nisi
1024 2562 1192 2640 discimus,

147 2675 163 2733 .”
219 2673 380 2734 remanet.
444 2671 677 2734 Subducarnus
717 2690 794 2751 ergo
839 2691 899 2734 nos
938 2691 998 2752 pro
1039 2671 1193 2734 facultate

219 2777 495 2859 occupationibus
519 2782 552 2841 ct
576 2781 706 2859 ternpus
735 2777 768 2839 in
794 2797 905 2840 rerum
928 2777 1193 2841 necessariarum

219 2886 332 2948 studia
356 2904 539 2967 erogemus
587 2884 765 2966 Tantisper
790 2888 918 2961 tanum,
952 2886 1030 2948 durn
1055 2904 1194 2965 corpore

218 2993 371 3056 laborare
403 2990 478 3073 quis
507 2990 647 3072 cogitur.
680 2991 782 3055 animi
812 2991 959 3054 studium
987 2991 1192 3056 intermittat.

221 3099 316 3171 Nam,
339 3101 376 3162 ut
400 3098 434 3161 in
460 3097 672 3162 Politieorum
696 3099 770 3161 l‘lll
796 3099 909 3162 scribit
934 3098 1194 3182 philosophum)

128 3211 143 3263 .'
219 3205 315 3269 ‚simul
339 3209 449 3270 mente
473 3208 505 3269 et
522 3225 659 3287 corpore
676 3206 828 3270 laborare
847 3227 912 3268 non
931 3208 1094 3287 opportet,
1119 3226 1194 3270 cum

222 3333 257 3375 se
281 3312 422 3376 invicem
447 3312 610 3393 impedire
635 3315 715 3376 nata
738 3314 817 3387 sint,
849 3313 942 3375 labor
966 3313 1100 3393 quidem
1124 3333 1195 3375 cor-

219 3421 311 3502 poris
335 3423 490 3499 mentem,
515 3421 636 3484 mentis
661 3424 773 3484 autem
798 3439 927 3501 eorpus.

619 3652 705 3715 Xlll.

489 3791 549 3861 De
574 3792 722 3880 duplici
746 3793 837 3862 otio.

223 3955 270 4017 lle
286 3955 445 4037 temporis
463 3954 530 4018 otio
555 3956 646 4031 satis,
672 3957 704 4018 ni
731 3956 834 4035 fallor,
859 3957 983 4019 dictum
1008 3960 1072 4027 est:
1098 3976 1195 4031 nunc,

221 4060 301 4141 quia
313 4063 405 4125 locus
420 4061 614 4143 neutiquam
630 4066 770 4139 recusat,
789 4063 828 4126 de
842 4063 965 4144 duplici
979 4064 1048 4125 otio
1062 4064 1196 4144 cognitu

222 4187 288 4231 non
313 4168 495 4232 iniucunda
512 4168 661 4233 subiicio.
692 4169 750 4232 Est
767 4170 880 4250 otium,
899 4189 963 4251 quo
981 4170 1022 4233 ab
1040 4171 1195 4236 omnibus
