2632 4718
58 406 65 419 0

547 786 778 855 ..98-

618 980 713 1047 CXV.

127 1120 240 1193 Idem
274 1120 318 1191 in
352 1120 495 1191 eadam
523 1120 792 1210 pulcherrima
820 1120 991 1211 epistola
999 1122 1045 1205 1),
1080 1138 1202 1209 quam

308 1230 440 1297 totam
460 1226 579 1297 velim
603 1226 812 1317 diligenter
832 1226 1025 1315 perlegas.

330 1386 447 1452 Exstat
470 1387 704 1469 pewetustum
728 1384 896 1453 Pontificii
923 1388 1061 1451 senatus
1085 1387 1200 1452 decre-

240 1497 313 1557 tum
335 1492 377 1558 de
400 1491 648 1557 constituendis
671 1491 874 1571 doctoribus,
905 1492 963 1575 qui
987 1492 1120 1576 linguas
1144 1493 1201 1557 ali-

241 1601 325 1679 quot
355 1597 491 1681 publice
523 1598 713 1673 traderent,
748 1616 826 1663 cum
854 1597 896 1661 de
926 1597 1127 1681 sophistica,
1162 1599 1201 1662 de

245 1702 436 1769 Aristotelis
458 1702 672 1785 philosophia
692 1702 913 1785 perdiscenda
936 1722 1107 1787 nusquam
1131 1724 1202 1768 um·

176 1814 195 1874 5
242 1828 343 1892 quam
376 1808 558 1892 quicquam
592 1808 637 1872 sit
658 1810 815 1889 cautum,
850 1808 915 1873 nisi
939 1810 1031 1891 quod
1065 1810 1134 1874 ista
1167 1812 1201 1874 in

246 1914 389 1979 decretis
417 1917 579 1979 vocantur
610 1914 646 1979 in
674 1914 829 1995 dubium,
863 1918 978 1979 utrum
1007 1913 1059 1979 ias
1089 1915 1134 1979 sit
1164 1934 1204 1979 ea

241 2020 371 2085 discere
400 2038 516 2086 necne.
566 2019 679 2103 Atque
708 2021 829 2085 horum
856 2020 1006 2085 studium
1040 2040 1061 2084 a
1088 2019 1202 2103 multis

240 2146 279 2192 ac
303 2125 431 2209 magnis
455 2124 646 2191 auctoribus
670 2125 886 2208 improbatur.

610 2353 721 2418 CXVI.

471 2493 584 2561 Idem
607 2492 649 2561 in
672 2491 823 2562 eadam.
835 2494 861 2577 ¹)

331 2654 453 2717 Verum
478 2652 513 2716 in
536 2674 576 2717 eo
600 2652 741 2717 concilio
764 2654 881 2717 sedere
905 2652 1008 2717 nolim
1033 2655 1117 2719 istos
1143 2655 1204 2719 ial-

240 2758 371 2823 sissimn
404 2758 537 2822 nomine
562 2758 745 2837 theologos,
775 2758 832 2840 qui
856 2759 922 2822 huc
949 2762 1080 2822 tantum
1105 2779 1202 2841 spee-

239 2867 324 2945 tant,
349 2866 384 2927 ut
409 2865 499 2946 quod
523 2862 586 2945 ipsi
612 2863 819 2941 didicerunt,
843 2862 876 2928 id
900 2864 1008 2927 solum
1032 2865 1201 2930 habeatur

239 2970 274 3035 in
298 2969 418 3051 pretio.
458 2970 548 3046 Quid
571 2971 684 3033 autem
708 2970 765 3033 isti
790 2967 989 3049 didicerunt,
1013 2971 1105 3051 quod
1131 2991 1198 3034 non

175 3080 194 3141 5
241 3075 285 3140 sit
308 3074 552 3157 ineptissimum
573 3078 606 3139 et
628 3075 716 3139 idem
740 3074 1035 3138 confusissimum?
1068 3075 1204 3151 Quibus

246 3181 274 3245 si
298 3182 469 3262 contingat
493 3179 655 3258 tyrannis,
679 3180 829 3244 futurum
854 3183 914 3257 est,
940 3182 976 3243 ut
992 3181 1204 3263 antiquitatis

242 3287 378 3370 optimis
413 3285 606 3350 auctoribus
641 3285 879 3349 insulsissimus
909 3285 1050 3349 istorum
1081 3287 1204 3351 nenias

242 3413 303 3474 pro
327 3391 469 3457 oraculis
494 3391 618 3455 habere
642 3395 778 3473 cogatur
800 3392 957 3469 mundus,
981 3412 1068 3473 quae
1092 3412 1201 3474 usque

245 3500 327 3563 adeo
352 3497 434 3561 nihil
459 3497 584 3560 habent
606 3497 714 3562 borrae
738 3497 951 3571 eruditionis,
975 3501 1013 3561 nt
1037 3518 1098 3579 ego
1123 3518 1204 3563 sane

159 3606 200 3668 10
245 3603 359 3668 malim
382 3603 436 3666 rel
460 3603 637 3667 inediocris
662 3622 734 3666 esse
758 3604 876 3682 corde,
902 3623 1001 3685 quam
1027 3603 1128 3666 istius
1151 3624 1207 3685 ge·

247 3708 337 3773 neris
367 3708 528 3788 optimuS,
565 3707 592 3770 si
629 3708 712 3773 nihil
742 3708 889 3772 melioris
920 3709 1099 3773 accesserit
1128 3709 1206 3773 doe-

249 3814 365 3878 trinae.
412 3811 469 3874 Isti
500 3817 592 3891 sunt,
626 3815 684 3896 qui
717 3815 825 3879 nolint
849 3813 1027 3897 quicquam
1062 3815 1207 3887 restitui,

242 3924 284 3981 n'e
309 3918 390 3999 quid
422 3916 592 3999 ignorasse
629 3921 821 3984 rideantur.
881 3920 924 3982 Hi
962 3918 1058 3983 nobis
1093 3919 1207 3984 fictam

245 4023 447 4101 synodorum
487 4025 719 4089 auctoritatem
759 4024 939 4101 obiiciunt,
976 4024 1009 4087 hi
1046 4044 1205 4107 magnum

158 4132 197 4194 15
250 4128 450 4193 christianae
475 4130 551 4192 iidei
576 4130 752 4194 discrimen
778 4133 991 4211 exaggerant,
1016 4129 1049 4192 hi
1072 4131 1209 4212 pericu-

248 4235 316 4298 lum
340 4235 515 4313 ecciesiae,
549 4255 648 4317 quam
678 4236 734 4298 isti
758 4236 885 4299 seilicet
909 4235 1057 4298 humeris
1081 4255 1210 4319 suppo-

243 4340 316 4405 sitis
340 4341 492 4421 fuleiunt‚
518 4341 641 4405 rectius
665 4342 854 4424 plaustrum
878 4340 1005 4421 inituri,
1030 4343 1064 4405 et
1088 4340 1210 4406 huius-
