2632 4718
125 1038 296 1098 'limanno
312 1037 512 1098 Remenero
525 1037 715 1114 wernenai,
735 1040 929 1101 clarissimo
947 1041 1190 1119 philosophiae

125 1147 300 1221 magistro,
318 1145 520 1206 litteratorii
537 1146 633 1221 apud
650 1147 774 1207 urbem
786 1148 1102 1210 Monaateitcnsam
1116 1150 1191 1211 ludi

125 1254 252 1314 rectori
270 1269 313 1314 ac
330 1254 484 1329 principi
498 1254 629 1329 optime
643 1255 776 1330 meritc,
795 1256 816 1317 J
817 1271 949 1316 oannes
963 1257 1190 1333 Murmclliua,

280 1361 519 1421 humanarum
536 1361 666 1421 artium
683 1362 868 1438 professor,
888 1362 1040 1423 salutem

509 1468 698 1542 plurimam
717 1469 808 1530 dicit

151 1653 165 1714 1
214 1649 293 1714 Non
316 1648 454 1731 illepide
478 1648 653 1715 Plautinus
677 1649 734 1714 ille
759 1649 1005 1738 Philolachesl)
1027 1651 1190 1735 homines,

216 1756 275 1822 ubi
299 1756 369 1821 nati
393 1759 482 1837 sunt,
510 1775 672 1822 novarum
695 1757 827 1822 aedium
851 1756 976 1823 similes
1000 1759 1191 1839 arbitratur,

216 1863 318 1946 quod,
342 1864 428 1929 sicut
450 1864 524 1942 hae,
548 1863 591 1929 ab
614 1863 741 1947 optimo
764 1863 859 1930 fabro
882 1867 1093 1931 constructae
1116 1867 1191 1932 dili-

216 1969 373 2055 gentique
396 1972 468 2035 arte
491 1971 666 2054 expolitae,
694 1971 892 2054 plerumque
915 1992 1032 2037 eorum
1062 1973 1191 2039 desidia

147 2080 167 2144 5
213 2080 248 2143 et
259 2077 398 2156 incuria,
416 2077 472 2161 qui
484 2076 684 2157 inhabitant,
697 2082 859 2144 corruunt
871 2081 972 2163 atque
985 2079 1189 2162 dilabuntur,

215 2183 264 2250 ita
280 2187 315 2250 et
331 2184 572 2264 adolescentes
594 2185 673 2249 dum
689 2184 724 2249 in
741 2185 910 2251 fabrorum
926 2188 1094 2269 potestate
1111 2190 1191 2253 sunt

216 2310 256 2356 ac
279 2291 476 2375 parentibus
500 2292 569 2356 suis
593 2292 869 2375 praeceptorique
896 2293 1093 2373 oboediunt,
1124 2294 1189 2359 iam

216 2402 298 2464 tunc
323 2400 413 2463 recte
437 2400 607 2478 curantur,
636 2397 764 2463 litteras
791 2401 825 2463 et
846 2400 954 2465 bonos
978 2419 1087 2465 mores
1111 2401 1191 2465 edo·

218 2507 346 2584 centur,
370 2506 453 2571 adeo
477 2506 622 2588 denique
650 2505 804 2589 ingenuis
832 2506 960 2572 artibus
984 2507 1190 2590 excoluntur,

130 2616 171 2679 10
216 2615 254 2678 ut
283 2611 340 2677 alii
371 2613 528 2695 coniuges
556 2612 619 2677 sibi
648 2632 721 2677 esse
751 2613 885 2678 illorum
916 2613 1041 2679 similes
1070 2614 1191 2680 liberos

218 2721 388 2802 exoptent.
436 2719 500 2784 Ubi
530 2739 609 2785 vero
637 2720 674 2785 in
702 2719 872 2802 ingenium
900 2741 999 2786 suum
1022 2721 1191 2805 immigra-

218 2826 352 2907 verunt,
382 2828 433 2891 tot
456 2826 567 2891 subito
595 2828 812 2909 tempestates
835 2830 868 2892 et
891 2828 996 2893 nimbi
1019 2827 1189 2910 ingruunt,

217 2937 256 3000 ut
288 2932 487 2999 verecundia
520 2933 718 3016 virtutisque
752 2934 851 3000 modo
886 2935 1081 3015 deturbato,
1119 2934 1184 3000 nisi

218 3043 349 3107 mature
358 3039 597 3106 adminiculum
606 3041 840 3122 substituatur,
853 3041 1080 3123 gravissimam
1090 3042 1189 3107 aedes

133 3151 171 3216 15
216 3149 348 3213 ruinam
387 3146 595 3212 minitentur.
655 3147 818 3226 Quocirca
857 3148 1097 3213 consulendum
1135 3149 1187 3214 est

219 3254 487 3331 adolescentulis
508 3273 550 3318 ne
569 3257 648 3320 ante
664 3257 830 3320 maturam
847 3258 989 3320 aetatem
1005 3274 1081 3319 cum
1097 3254 1191 3337 pigra

220 3363 383 3429 malorum
415 3360 592 3426 affectuum
624 3363 723 3428 turba
754 3362 855 3426 aedes
886 3382 963 3427 suas
993 3361 1191 3442 inhabitent,

219 3470 359 3534 sedeas
382 3468 425 3534 ab
454 3468 587 3552 optimis
616 3469 719 3534 fabris
749 3470 784 3533 et
814 3469 1102 3552 praeceptoribus,
1135 3468 1192 3552 qui

220 3577 408 3641 animorum
431 3578 586 3659 parentes
610 3578 698 3654 sunt,
721 3574 888 3660 tantisper
911 3574 1050 3657 expoliri
1067 3577 1191 3656 sinant,

130 3687 175 3751 20
218 3685 324 3750 donec
347 3683 413 3747 iam
437 3701 513 3747 cum
529 3683 667 3747 strenua
682 3680 843 3747 virtutum
859 3682 983 3747 familia
999 3702 1064 3747 non
1083 3683 1191 3748 solum

220 3789 417 3870 inhabitare,
442 3790 500 3855 sed
525 3789 626 3854 eliam
649 3791 736 3855 tueri
761 3791 846 3866 illas
876 3790 904 3854 si
928 3790 1009 3872 quid
1033 3790 1192 3855 detritum

220 3896 331 3976 fuerit,
355 3915 521 3978 reparare,
537 3898 689 3962 ornatum
707 3917 871 3979 exaugere
887 3895 1080 3962 felicissimo
1097 3897 1192 3961 deni-

222 4024 287 4087 que
321 4023 385 4068 usu
416 4009 662 4070 consummatas
695 4005 832 4069 sedibus
863 4005 959 4087 longe
989 4002 1192 4068 beatissimis

221 4114 350 4175 mutare
373 4110 512 4194 possint.
556 4111 719 4189 Quoniam
743 4111 855 4193 igitur,
879 4114 916 4176 ut
939 4110 1109 4177 commode
1133 4109 1193 4175 liat

132 4220 175 4284 25
219 4217 398 4303 expolitio,
436 4219 506 4282 tam
544 4217 721 4303 discipuli,
759 4238 860 4301 quam
900 4217 1046 4284 doctoris
1083 4214 1193 4281 officia
