2632 4718
598 713 841 777 -120-

187 895 230 959 30
298 894 344 958 Ut
367 892 537 974 nequeant
559 910 676 955 rerum
700 891 811 955 mente
834 887 948 954 videre
971 888 1107 952 bonum.

252 999 436 1084 Splendida
458 1016 526 1062 non
550 997 675 1061 faciunt
699 999 852 1062 fortunae
877 1014 1018 1060 munera
1042 1014 1162 1077 regem,

295 1106 429 1171 Blattea
452 1124 514 1169 nee
536 1101 640 1168 vestis
663 1123 726 1168 nec
750 1120 913 1186 generosa
937 1102 1065 1167 domus.

252 1214 409 1288 flereat,
434 1211 490 1294 qui
515 1230 598 1288 sese,
623 1213 732 1275 rectae
756 1207 894 1274 rationis
917 1206 1057 1272 habenis

296 1319 519 1402 Compescens
543 1317 646 1382 animi
670 1317 769 1382 noxia
792 1319 880 1393 vota,
904 1314 998 1398 regit.

188 1428 230 1491 35
255 1425 332 1490 Non
354 1424 473 1489 merito
495 1423 590 1489 fortis
615 1426 780 1499 censetur,
805 1423 862 1505 qui
887 1421 986 1487 nimis
1009 1423 1118 1487 audax

297 1531 423 1595 Tristia
446 1529 587 1595 terribili
610 1549 749 1613 corpore
772 1529 860 1594 bella
882 1529 984 1611 gerit3

258 1637 366 1701 Fortis
389 1640 424 1701 et
447 1637 568 1701 eximio
592 1635 727 1701 virtutis
750 1635 901 1719 praedita
925 1636 1012 1700 dono

295 1744 388 1808 Mens
411 1742 477 1828 pia,
501 1762 597 1807 mens
621 1742 728 1807 almae
753 1742 885 1808 conseia
907 1741 1065 1819 iustitiae,

253 1851 346 1928 Quae
370 1851 485 1915 domat
509 1849 647 1914 affectus
672 1851 761 1913 recto
785 1848 1012 1915 moderamine
1036 1867 1169 1931 pravos

184 1958 228 2020 40
296 1956 480 2040 Corporeas
503 1955 641 2021 vincens
664 1956 814 2038 gnaviter
836 1955 1039 2034 illecebras?

252 2061 356 2127 Cuius
380 2063 422 2127 ad
445 2061 622 2144 imperium
645 2061 727 2145 fugit
750 2062 971 2126 immoderata
993 2061 1149 2143 voluptas

296 2169 339 2233 Et
363 2170 457 2234 dolor
480 2168 622 2250 impigra
645 2188 789 2250 spesque
811 2170 987 2250 metusque
1012 2168 1103 2249 fuga3

255 2276 348 2353 Quae
372 2275 490 2340 studiis
514 2275 626 2340 nitens
651 2275 793 2340 evanida
816 2274 944 2358 spernit
968 2273 1119 2339 honestis

300 2383 430 2447 Gaudia
454 2402 515 2446 nec
538 2381 624 2447 torri
650 2382 822 2447 daemonis
846 2401 938 2446 arma
961 2381 1066 2446 timet.

189 2491 230 2553 45
257 2489 296 2570 0,
320 2508 420 2571 quam
444 2489 624 2571 tranquillo
648 2490 811 2553 munitum
836 2489 955 2553 robore
977 2490 1096 2570 pertus

298 2596 416 2672 Portet,
440 2595 498 2659 ubi
522 2615 682 2678 superum
706 2598 879 2660 flammeus
904 2597 1000 2659 ardet
1024 2596 1132 2659 amor!

252 2702 360 2779 Quam
383 2701 460 2767 felix
484 2702 625 2780 animoa,
650 2703 708 2785 qui
732 2702 794 2767 soli
817 2702 920 2767 fidere
945 2703 1047 2782 novit,

295 2809 490 2892 Despieiens
513 2809 629 2873 mundi
654 2813 764 2874 cetera
788 2812 916 2880 cuneta.
942 2810 1018 2874 deo!

250 2917 358 2994 Quam
381 2934 476 2979 sacra
499 2935 593 2979 mens
617 2916 720 2998 fulget
744 2916 857 2980 divino
881 2916 1006 2980 lumine
1030 2916 1139 2997 plena,

185 3025 226 3086 50
296 3023 399 3087 Cuius
425 3022 639 3105 Olympiaeus
663 3023 802 3104 spiritus
826 3024 893 3087 ima
916 3022 1020 3087 soret!

253 3129 344 3192 Haec
368 3129 451 3193 nihil
475 3132 570 3194 curat
594 3128 827 3213 Rhiphaeae5)
852 3129 971 3211 frigora
994 3130 1133 3193 brumae

297 3236 367 3299 Nee
390 3239 490 3320 paret
514 3235 591 3300 irati
614 3239 681 3301 tela
705 3237 844 3301 trisulca
868 3237 965 3300 loris.

249 3341 338 3407 Tuta
360 3362 421 3424 per
445 3342 605 3407 Adriaeos
629 3345 762 3421 fluetus,
787 3363 847 3425 per
871 3343 1040 3424 inhospita
1062 3344 1153 3407 tesca

294 3449 480 3527 Permanet,
504 3449 643 3514 hostiles
667 3471 729 3515 nee
752 3449 847 3514 timet
870 3450 1019 3514 insidias.

182 3556 224 3619 55
250 3555 326 3620 Non
351 3557 445 3638 cupit
469 3557 608 3622 auriferi
632 3557 850 3638 splendentes
876 3556 983 3621 amnis
1008 3575 1139 3635 arenas,

294 3663 425 3727 Vellera
450 3683 517 3727 non
542 3664 641 3745 Tyrio
665 3663 790 3727 murice
815 3663 920 3728 tineta
943 3663 1043 3744 eupit,

250 3770 391 3833 Massica
415 3790 476 3834 nee
500 3770 630 3852 quaerit
653 3770 792 3834 iucundi
816 3772 894 3834 rina
918 3770 1057 3850 saporis,

293 3875 411 3939 Dulcia
435 3896 495 3939 nee
520 3876 623 3940 Siculi
648 3896 788 3940 munera
812 3875 920 3940 mellis
945 3878 1043 3939 amat.

248 3981 343 4044 llanc
367 3985 461 4046 tenet
485 3983 592 4063 Irene,
616 3982 767 4048 sincerae
791 3984 936 4065 nympha
961 3981 1095 4065 quietis,

183 4088 226 4151 60
292 4086 485 4170 Illustrique
509 4087 588 4153 Dice
612 4090 699 4154 clara
723 4091 830 4155 nitore
854 4093 955 4154 tenet,

247 4193 410 4258 Eunomia
434 4195 544 4259 varios
569 4197 751 4279 decerpens
777 4198 928 4280 undique
953 4199 1052 4263 flores

296 4298 403 4382 Digna
427 4301 481 4366 dei
505 4303 614 4367 cordis
638 4302 774 4368 numine
797 4304 922 4388 templa
946 4304 1034 4368 facit.
