2632 4718
642 1056 667 1119 I.

127 1210 246 1306 Quod
256 1215 468 1300 parentum
480 1215 551 1294 est,
563 1211 709 1281 liberos
722 1210 928 1309 diligenter
937 1211 1187 1302 honesteque

252 1318 423 1389 educare
447 1321 487 1388 et
508 1319 625 1389 bonis
648 1317 825 1388 moribus
847 1318 1064 1389 instituere.

154 1502 167 1562 l
216 1499 262 1563 De
295 1497 477 1563 liberorum
508 1497 704 1564 educatione
735 1499 940 1582 puerilisque
972 1501 1004 1564 et
1032 1500 1188 1566 iuvenilis

216 1604 424 1669 institutione
441 1605 560 1670 aetatis
572 1605 716 1686 plurima
728 1605 909 1670 doctissimi
923 1607 1073 1672 homines
1086 1629 1189 1691 opus·

217 1711 292 1776 cula
314 1711 535 1794 scripserunt,
567 1715 600 1776 et
631 1730 670 1775 ea
698 1712 870 1794 praeclara
898 1712 1033 1794 quidam
1063 1734 1102 1778 ac
1126 1714 1190 1797 legi

221 1819 423 1902 dignissima,
455 1821 491 1884 ut
522 1818 703 1902 inquibus
732 1819 772 1884 de
801 1839 837 1883 re
860 1819 1024 1902 imprimis
1051 1821 1126 1884 utili
1157 1824 1190 1885 et

152 1927 171 1990 5
215 1927 403 1991 necessaria
427 1925 583 1990 universo
607 1927 752 1991 humano
776 1927 888 2009 generi
913 1931 1094 2010 praecepta
1109 1947 1190 1993 con-

218 2033 397 2097 tineantur.
429 2031 512 2110 Quis
536 2033 588 2096 est
611 2031 699 2096 enim
723 2051 824 2097 sanae
848 2033 978 2109 mentis
1002 2034 1059 2115 qui
1084 2053 1191 2116 quan-

219 2141 286 2204 tam
314 2139 498 2222 perniciem
529 2159 595 2204 non
628 2140 710 2221 ipsis
746 2141 853 2204 solum
887 2141 1100 2222 parentibuS,
1132 2142 1192 2206 sed

219 2248 384 2314 communi
409 2247 582 2313 hominum
603 2248 755 2313 societati
776 2249 926 2329 neglecta
941 2247 1084 2312 filiorum
1102 2252 1191 2312 recta

220 2353 371 2420 educatio
395 2355 536 2419 allatura
560 2355 613 2434 sit,
638 2375 705 2418 non
728 2354 860 2418 videat?
886 2354 959 2432 Qua
984 2356 1024 2420 de
1048 2374 1082 2417 re.
1100 2355 1192 2419 Peri-

136 2463 175 2527 10
217 2462 461 2544 patheticorum
496 2461 652 2544 princeps
688 2461 885 2526 Aristoteles
898 2461 924 2546 ¹)
957 2461 991 2525 in
1025 2461 1191 2545 principio

220 2569 328 2634 octavi
371 2569 585 2634 Politicorum
624 2568 699 2633 libri
736 2569 852 2647 „Quod
900 2569 1032 2650 igilur“,
1071 2568 1192 2650 inquit,

225 2696 263 2756 „a
286 2676 367 2757 legis
402 2676 550 2758 positore
584 2676 726 2741 maxime
758 2675 1000 2739 intendendum
1032 2675 1075 2739 sit
1108 2675 1193 2740 circa

221 2781 429 2864 disciplinam
445 2782 637 2862 iuventutis
661 2802 760 2847 nemo
777 2782 893 2864 utique
912 2781 1089 2860 dubitabit,
1114 2802 1192 2847 nam

222 2888 255 2954 id
272 2889 407 2971 quidem
424 2890 610 2972 neglectum
625 2889 658 2952 in
676 2888 866 2953 civitatibus
879 2887 976 2952 alieri
989 2888 1193 2970 reipublicae

140 2995 176 3059 15
221 2995 487 3060 detrimentum.“
525 2993 712 3080 Laertius2)
735 2994 850 3059 scribit
874 2996 1017 3059 eundem
1042 2994 1193 3060 dictitare

223 3103 366 3179 solitum,
387 3107 554 3186 parentes
579 3104 635 3185 qui
652 3103 776 3167 liberos
793 3102 992 3167 erudiendos
1010 3105 1193 3183 curassent,

224 3211 318 3292 longe
335 3210 595 3275 honorabiliores
611 3230 684 3274 esse
700 3211 763 3283 his,
788 3211 846 3292 qui
867 3210 975 3273 solum
991 3209 1192 3292 genuissent.

225 3317 294 3381 Hos
312 3318 400 3381 enim
416 3317 548 3382 vivendi
564 3321 704 3392 tantum,
720 3317 794 3381 illos
811 3316 910 3381 etiam
928 3317 1014 3381 bene
1032 3317 1194 3398 beateque

224 3424 357 3488 vivendi
381 3429 534 3490 auctores
558 3445 640 3489 esse.
689 3424 821 3508 Platoi)
848 3427 960 3488 autem
990 3425 1025 3488 in
1056 3445 1094 3488 eo
1124 3424 1195 3488 dia-

137 3531 180 3596 20
223 3531 306 3614 log0,
330 3532 387 3615 qui
410 3531 559 3613 Theages
584 3533 624 3597 de
648 3531 813 3614 sapientia
836 3530 1039 3610 inscribitur,
1064 3530 1112 3595 sio
1135 3530 1195 3595 ait:

142 3640 144 3645 ⁴
229 3638 323 3717 „Non
348 3638 437 3704 enim
457 3639 620 3704 hactenus
637 3640 785 3722 cognovi,
810 3637 862 3702 cui
879 3639 927 3701 rci
945 3637 1103 3702 maiorem
1121 3638 1196 3702 dili-

226 3745 371 3827 gentiam
395 3746 547 3829 quisquis
576 3752 723 3810 mentem
751 3746 852 3810 habet
882 3745 1039 3809 adhibere
1064 3745 1196 3825 debeat,

231 3872 331 3934 quam
356 3856 392 3916 ut
415 3854 578 3935 optimum
601 3853 705 3917 lilium
730 3854 876 3918 1·eddat.“
908 3850 1062 3936 Cratcs4)
1086 3852 1197 3930 etiam,

227 3959 254 4022 si
279 3959 436 4039 licuisset,
466 3961 523 4025 ubi
553 3960 587 4024 in
612 3961 808 4025 altissimam
834 3960 1081 4023 conscendisset
1104 3958 1198 4022 urbis

140 4066 181 4129 95
225 4069 366 4146 partem,
380 4087 415 4130 so
429 4066 682 4132 vociferaturum
696 4068 881 4132 dictitabat:
902 4066 1085 4146 „Quorsum
1099 4065 1197 4129 ruitis

227 4173 387 4256 homines
405 4175 461 4258 qui
477 4193 574 4239 omne
590 4174 624 4238 in
641 4173 871 4257 comparandis
885 4172 1035 4256 pecuniis
1049 4171 1198 4236 studium
