2632 4718
543 680 765 757 ...16-

228 876 376 955 imbuas„
407 874 508 939 durat
530 892 593 939 nec
615 872 771 939 lanarum
792 870 943 955 colores,
969 872 1103 956 quibus
1127 874 1189 939 sin

227 983 305 1063 plex
333 982 390 1047 ille
419 980 546 1045 candor
574 981 722 1045 mutatus
751 981 820 1056 est,
856 978 929 1043 elui
957 982 1131 1062 possunt..
1160 978 1189 1042 n

165 1094 184 1153 5
226 1090 309 1153 baec
331 1088 405 1171 ipsa
431 1085 537 1167 magia
559 1084 777 1175 pertinaciter
798 1074 966 1166 haerent,¹
998 1104 1093 1169 quae
1116 1087 1190 1151 deta

229 1195 315 1259 riora
343 1196 430 1258 sunt.
482 1192 569 1257 Nam
591 1192 680 1257 bona
706 1190 803 1257 facile
827 1193 1008 1257 mutantur
1033 1194 1072 1258 in
1096 1194 1191 1276 peina

228 1300 445 1381 uumquando
468 1298 503 1363 in
526 1299 652 1364 bonum
675 1296 817 1363 verteris
832 1296 942 1363 vitia?
971 1297 1055 1364 Non
1072 1318 1191 1364 assuee

227 1409 281 1471 cat
304 1426 396 1489 crgo,
421 1406 545 1469 nedum
568 1404 678 1469 iulans
701 1405 836 1486 quidam
860 1407 928 1483 est,
954 1406 1124 1486 sermoni,
1145 1405 1192 1487 qui

229 1512 450 1577 dediscendus
473 1510 527 1575 sit
912 1502 915 1507 ⁴

618 1722 690 1789 XII.

120 1864 183 1934 Ab
202 1864 354 1952 optimo
376 1868 636 1953 praeceptore
651 1864 787 1953 pueris
801 1865 957 1954 optima
978 1872 1193 1958 praecepta

495 1974 591 2040 eunt
611 1970 818 2042 tradenda

142 2095 205 2164 Ex
227 2093 391 2182 Maphei
413 2094 525 2183 Vegii
553 2094 656 2165 libro
671 2094 740 2271 ItIlo¹
764 2095 1007 2168 educatione
1034 2098 1172 2170 libere

559 2220 649 2271 rum
711 2205 757 2287 ·)

319 2362 549 2444 Magistrorum
574 2384 664 2441 reso,
688 2386 708 2429 a
728 2365 850 2447 quibus
874 2366 1012 2448 publice
1035 2367 1187 2435 edocendi

230 2472 339 2547 eruut,
365 2469 616 2551 deligendorum
633 2491 747 2534 curam
772 2471 929 2537 maiorem
947 2474 1052 2538 etiam
1073 2476 1189 2539 habere

230 2575 414 2658 oportebit,
451 2580 486 2639 ut
518 2597 633 2658 graves
661 2576 728 2641 sint
756 2577 921 2660 imprimis
950 2579 1121 2662 liberique
1153 2581 1189 2645 ab

230 2681 320 2745 omni
349 2682 436 2745 tilae
467 2681 620 2758 crimine,
652 2684 771 2747 deliine
795 2685 925 2765 egregie
956 2685 1060 2750 docti.
1110 2687 1190 2750 Nam

171 2789 183 2819 ·”
231 2789 512 2869 quemadmodum
537 2788 705 2854 nutricum
723 2792 849 2872 qrrauto
873 2792 993 2873 purius
1016 2792 1192 2874 incorrup-

230 2895 364 2975 tinsque
382 2894 432 2957 lae
457 2894 565 2969 fuerit,
590 2897 684 2960 tanto
700 2896 888 2975 infantium,
913 2898 971 2979 qui
989 2917 1029 2961 eo
1047 2900 1193 2975 aluntur,

231 3001 386 3065 valetudo
409 3000 512 3081 aragia
537 3007 639 3083 atque
656 3003 757 3066 robur
780 3003 967 3079 adiuvatur,
990 3003 1039 3068 ita
1056 3006 1102 3083 hii
1129 3025 1194 3088 quo

232 3108 405 3172 electiores
434 3107 563 3171 litteras
591 3112 624 3172 et
660 3128 767 3172 mores
795 3110 990 3188 habuerint,
1022 3131 1064 3176 eo
1094 3114 1194 3176 etiam

232 3214 405 3295 discipul-'s
429 3212 577 3279 liriniora
601 3216 792 3297 relinquent
816 3215 993 3297 probitatis
1017 3220 1050 3281 et
1070 3219 1195 3282 doctri-

151 3322 190 3383 10
233 3341 294 3386 nae
318 3320 417 3384 altius
442 3321 575 3384 demum
599 3326 790 3386 surrectura
814 3322 958 3404 vestigia.
1006 3324 1079 3389 Nec
1096 3326 1195 3389 dubi-

234 3429 371 3492 tandum
404 3427 484 3501 erit,
518 3427 598 3509 quio
630 3449 649 3491 a
683 3428 848 3511 principio
880 3429 1196 3510 praestantissimus

233 3534 299 3598 illis
331 3535 445 3597 docter
469 3533 620 3614 eligatur.
649 3535 723 3598 licet
756 3536 797 3599 ad
829 3534 1044 3600 imbuendam
1076 3540 1195 3603 rudem

232 3641 341 3704 adhuc
365 3643 509 3704 aetatem
534 3641 744 3705 mediocriter
778 3641 877 3706 etiam
902 3642 1019 3706 doctus
1048 3647 1196 3729 quisque

231 3767 269 3811 ac
292 3747 460 3828 gregarius
485 3746 637 3811 sufliccre
662 3747 822 3811 rideatur.
876 3748 959 3812 Nam
985 3769 1052 3830 quo
1082 3753 1196 3818 erudi·

232 3853 296 3916 lior
324 3852 439 3927 suerit,
471 3875 510 3915 err
535 3852 715 3918 faciliorem
740 3854 980 3936 clarioremque
1005 3858 1196 3925 doctrinam

232 3959 442 4039 ministrabit,
460 3979 546 4041 quae
564 3980 745 4042 puerorum
763 3963 903 4025 maxime
927 3963 1033 4026 nutrit
1049 3963 1195 4046 ingenia.

232 4066 333 4130 laciet
356 4066 456 4130 etiam
483 4065 516 4129 in
542 4064 590 4128 eis
615 4066 757 4131 certiora
780 4068 965 4132 litterarum
990 4088 1028 4131 ac
1053 4072 1197 4136 rectiora

231 4172 457 4239 fundamenta.
482 4192 570 4253 quae
595 4192 661 4237 non
678 4173 776 4237 aliter
799 4193 837 4238 ac
854 4174 940 4237 iacta
957 4176 1093 4255 luerint,
1117 4198 1191 4259 per·

231 4281 336 4361 petuo
360 4299 473 4343 secum
496 4280 660 4343 sedebunt
689 4284 790 4361 atque
820 4279 921 4344 infixa
950 4282 1196 4365 perdurabunt.
