2632 4718
580 510 828 630 kar-

278 762 344 806 nou
369 744 479 825 potest
504 746 561 808 ant
585 764 651 808 non
675 743 770 810 facile
793 742 840 809 fit.
865 746 901 807 nt
924 743 954 807 is
970 746 1045 825 agat
1060 743 1251 826 praeclaras

192 852 232 916 10
277 871 341 929 res,
359 852 411 914 eui
426 851 601 916 facultates
615 854 751 932 desunt3
768 853 873 917 multa
886 872 1030 934 namque
1043 853 1250 934 peramans

277 976 338 1039 per
361 958 511 1035 divitias,
543 979 602 1040 per
631 959 758 1023 civilem
786 960 969 1043 potentiam
994 963 1164 1040 tamquam
1189 978 1251 1041 per

276 1064 499 1130 instrumenta
516 1068 687 1148 aguntur.“
714 1065 927 1149 Quapropter
944 1069 1032 1130 reete
1050 1065 1252 1150 Juvenatis1>

276 1175 392 1235 noster
416 1172 515 1236 dixit:

280 1278 399 1357 „Haud
423 1278 517 1343 facile
540 1283 727 1360 emergunt,
760 1299 902 1362 quorum
933 1280 1112 1345 virtutibus
1141 1280 1253 1344 obstat

192 1385 231 1448 15
322 1385 390 1448 Res
414 1389 553 1468 angusta
577 1387 695 1450 domi.“

278 1491 319 1554 Et
344 1492 408 1556 alia
431 1493 464 1555 in
489 1497 599 1574 satyra
627 1513 694 1557 non
724 1493 836 1557 minus
866 1514 957 1574 rere,
990 1515 1091 1576 quam
1121 1495 1252 1558 erudite

277 1598 449 1683 cecinit‘2):

280 1706 365 1784 „Sed
389 1709 499 1770 ratem
523 1707 699 1790 egregium,
723 1707 776 1771 eui
799 1727 866 1771 nou
891 1707 933 1772 sit
956 1708 1090 1789 publica
1115 1727 1210 1788 rena,

278 1813 342 1890 Qui
368 1814 449 1877 nibil
474 1815 662 1896 expositum
686 1816 790 1879 soleat
815 1815 988 1892 deducere,
1013 1835 1073 1879 neo
1098 1815 1156 1897 qui

191 1922 233 1985 20
280 1921 454 1984 Communi
480 1921 574 1985 feriat
599 1941 733 1985 carmen
757 1922 886 1986 triviale
911 1926 1054 1996 moneta,

280 2028 388 2101 Hune,
413 2029 546 2110 qualem
570 2029 683 2093 neseio
708 2035 893 2093 monstrare
923 2031 955 2092 et
980 2029 1088 2094 sentio
1111 2032 1252 2111 tantum,

279 2135 453 2199 Anxietate
477 2155 594 2198 carens
619 2136 749 2200 animus
774 2136 861 2207 iacit,
886 2137 993 2200 omnis
1018 2137 1130 2201 acerbi

281 2243 474 2324 Impatiens,
499 2242 641 2323 cupidus
666 2245 823 2307 silvarum
848 2248 1014 2324 aptusque
1039 2244 1195 2308 bibendis

280 2350 442 2414 Fontibus
469 2351 650 2422 Aonidum:
675 2370 782 2431 neque
808 2351 896 2414 enim
920 2355 1053 2413 eantare
1075 2352 1137 2415 sub
1155 2355 1253 2415 antro

192 2458 233 2521 25
282 2457 391 2522 Pierio
416 2459 605 2538 thyrsumre
630 2461 741 2538 potest
765 2459 957 2538 contingere
982 2476 1062 2522 sana

280 2566 475 2647 Paupertas,
500 2567 599 2646 atque
623 2552 708 2628 aeiis
733 2566 840 2647 inops,
865 2586 930 2647 quo
955 2569 1052 2628 noete
1077 2566 1197 2647 dieque

280 2671 409 2752 Corpus
434 2673 520 2753 eget:
552 2675 644 2735 satur
668 2674 727 2745 est,
752 2692 827 2735 eum
852 2671 932 2736 dieit
957 2671 1131 2736 Horatius:
1163 2672 1251 2737 Ohe!

279 2778 362 2855 Quis
387 2779 478 2842 loeus
502 2778 643 2859 ingenie,
668 2778 730 2841 nisi
756 2798 831 2842 eum
855 2798 890 2842 se
915 2779 1059 2842 carmine
1083 2779 1153 2842 solo

279 2887 407 2950 Vexent
431 2888 465 2950 et
489 2886 631 2950 dominis
658 2886 803 2968 Cyrrhae
828 2886 1004 2968 Nysaeque
1028 2888 1181 2951 seruntur

193 2995 235 3058 30
281 2994 420 3058 Pectora
444 2997 566 3069 nostra,
593 2994 676 3056 duas
700 3013 766 3057 non
791 2994 1000 3057 admittentia
1025 2999 1152 3058 ouras.“
1180 3031 1221 3041 —

280 3102 372 3165 Solet
403 3107 516 3164 tamen
547 3101 717 3164 interdum
748 3121 808 3181 per
843 3104 1008 3164 extremas
1041 3099 1253 3164 difficultates

281 3227 442 3289 generosa
466 3210 584 3272 natura
607 3208 649 3272 ad
673 3207 926 3272 similitudinem
948 3209 1079 3289 palmae
1097 3207 1131 3271 in
1149 3209 1253 3272 altum

281 3334 448 3394 emergere
483 3317 515 3378 et
551 3315 654 3395 magis
689 3317 825 3396 profusa
860 3336 971 3378 rerum
1006 3316 1116 3397 copia,
1152 3335 1254 3397 quam

281 3441 411 3485 summa
434 3422 547 3503 inopia
571 3420 666 3485 bonis
689 3421 829 3503 ingeniis
854 3442 973 3485 nocere
998 3421 1178 3485 consuerit.

194 3530 234 3592 35
285 3528 489 3607 „Luxuriant
514 3528 615 3592 animi
639 3529 738 3591 rebus
763 3529 959 3610 plerumque
984 3528 1148 3596 secundis.

325 3636 394 3699 Nee
418 3635 514 3699 iaeite
539 3637 598 3705 est,
624 3655 728 3716 aequa
753 3637 925 3699 commoda
949 3640 1061 3698 mente
1085 3635 1228 3720 pati.“³)

284 3743 446 3819 „blultis“,
460 3742 505 3806 ait
518 3742 691 3824 Serreea.⁴)
707 3744 768 3820 „ad
781 3743 1252 3824 philosophandumobstitere

281 3849 445 3913 divitiae“.
482 3850 588 3926 Quam
605 3851 647 3912 ob
665 3870 746 3927 reim
771 3854 806 3913 ut
828 3851 923 3913 dirus
941 3849 1195 3930 Hieronymus5)
1219 3851 1253 3913 in

281 3956 422 4038 epistota
442 3959 484 4021 ad
503 3957 677 4020 Paulinum
697 3959 806 4027 refert,
834 3957 968 4031 „Crates
990 3959 1044 4021 ille
1062 3957 1254 4036 Thebanus

192 4064 237 4127 40
281 4064 379 4127 homo
396 4064 563 4144 quondam
582 4065 776 4137 ditissimas,
799 4084 872 4127 enm
891 4065 933 4128 ad
950 4065 1253 4145 philosophandum

282 4169 431 4235 Athenas
468 4173 634 4253 pergeret,
674 4192 830 4253 magnum
867 4171 938 4235 auri
968 4173 1100 4254 pondus
1131 4172 1254 4235 abiecit
