2632 4718
602 684 823 759 ..94-

248 874 308 937 Est
330 873 430 938 etiam
454 871 579 937 uostris
602 869 726 954 duplex
748 870 964 935 memoranda
987 867 1141 934 Camenis

293 978 422 1045 Gloria:
447 978 533 1043 Sunt
557 977 657 1042 fortes
680 975 940 1060 magnanimiqui
965 974 1038 1053 riri,

248 1086 344 1163 Sunt,
368 1084 427 1168 qui
450 1083 603 1149 doctriua
626 1082 725 1149 simul
750 1084 784 1147 et
807 1084 931 1148 virtute
955 1081 1090 1166 probati

184 1196 224 1258 10
293 1190 506 1257 Carminibus
530 1189 657 1257 melicis
681 1209 896 1274 promeruere
920 1189 1004 1254 cani.

248 1298 300 1364 llli
323 1318 492 1381 purpureo
514 1296 641 1380 perfusi
666 1295 828 1378 sanguine
850 1296 995 1378 palmam

293 1405 391 1469 Nacti
414 1407 492 1469 sunt
514 1404 693 1487 pulchrum
717 1402 935 1485 martyriique
959 1403 1071 1477 decue,

249 1510 293 1574 Hi
316 1512 567 1593 perscrutantes
591 1508 669 1574 fidei
691 1508 902 1593 penitissima
926 1527 1079 1591 quaeque

293 1618 520 1682 Monstraruut
543 1618 673 1680 rectum
696 1614 878 1698 relligionis
900 1616 976 1680 iter.

184 1727 224 1789 15
248 1724 420 1789 Edocuere
443 1723 544 1787 rudes
567 1721 710 1804 populos
734 1723 927 1804 incultaque
951 1720 1060 1803 plebis

294 1830 445 1906 Pectora,
469 1848 537 1911 quo
559 1827 666 1893 virtus
690 1847 799 1910 quove
822 1826 925 1893 libido
948 1829 1043 1892 ferat.

249 1935 358 2019 Impia
380 1954 559 2017 peruersae
583 1933 751 2016 fregerunt
774 1933 904 2016 spicula
927 1933 1069 2016 linguae,

294 2042 386 2119 Quae
411 2042 497 2108 male
521 2039 664 2107 facundo
687 2040 844 2123 proderet
867 2059 924 2105 ore
947 2039 1049 2105 nefas.

251 2147 445 2214 Haereticas
469 2148 603 2214 fraudes
627 2149 661 2211 et
684 2145 756 2212 dira
779 2166 908 2211 venena
930 2146 1066 2228 maligni

184 2258 226 2321 20
294 2255 481 2319 Deritanda
504 2252 620 2336 procul
643 2272 877 2318 commonuere
899 2252 1016 2334 gregis.

252 2360 344 2438 Quos
368 2361 454 2424 inter
478 2361 568 2424 claro
591 2361 748 2425 censetur
772 2359 905 2424 nomine
929 2360 1084 2435 Thomas,

294 2467 449 2543 Thomas
474 2467 523 2530 sol
546 2465 635 2545 fidei,
660 2465 841 2548 relligionis
865 2487 959 2549 apex.

253 2573 282 2638 Ο
306 2592 405 2655 quarn
430 2571 547 2636 fertilis
571 2575 635 2647 est,
664 2592 765 2653 quam
788 2591 951 2654 prospera
974 2575 1081 2654 gratia
1105 2573 1246 2637 Christi!

296 2678 355 2742 Est
380 2678 485 2743 solide
509 2677 596 2752 felix,
621 2679 702 2742 baec
725 2677 913 2758 cuicunque
938 2679 1044 2743 datur.

158 2786 226 2850 ·25
253 2784 343 2857 Haec
367 2785 460 2849 dedit
482 2783 644 2849 illustrem
669 2784 766 2867 longe
789 2784 970 2848 clarescere
995 2785 1167 2860 Thomam,

296 2891 371 2955 Non
394 2910 498 2971 genus
522 2891 708 2972 antiquum,
731 2910 798 2955 non
823 2892 982 2973 opulenta
1007 2893 1135 2963 domus,

251 2997 410 3075 Quamvis
433 2996 625 3079 praeclarus
649 2997 779 3077 genitor
804 2997 1023 3078 Landulplrus
1048 2998 1172 3080 Aquini

297 3102 427 3167 Nobilis
451 3106 484 3167 et
507 3102 609 3167 fuerit
632 3103 710 3166 huic
734 3103 912 3168 Theodora
934 3123 1067 3184 parens.

253 3209 353 3274 Haud
377 3213 489 3273 tamen
512 3209 591 3272 inde
616 3228 696 3273 suae
721 3211 865 3291 sumpsit
887 3211 1066 3291 praeconia
1089 3212 1208 3291 sarnno,

186 3319 228 3381 30
295 3317 417 3380 Verum
442 3316 532 3398 quod
554 3315 679 3397 patrias
703 3320 823 3397 sponte
848 3317 983 3399 reliquit
1007 3338 1104 3399 opes3

252 3422 349 3498 Quod
374 3422 497 3486 Christi
520 3421 666 3487 famulus
689 3423 802 3487 Sicula
826 3425 1001 3504 susceptus
1025 3425 1059 3487 in
1084 3425 1165 3487 urbo

297 3529 449 3593 Perstitit
473 3529 507 3592 in
532 3530 653 3593 summi
677 3528 791 3593 firmus
816 3550 926 3594 amore
951 3530 1014 3593 dei.

251 3635 406 3701 Mollibus
429 3634 594 3700 illecebris
618 3635 779 3717 Libycum
803 3637 986 3718 Campania
1010 3636 1098 3718 cepit

297 3742 529 3818 Hannibalem,
555 3742 673 3806 durum
698 3743 960 3825 belligerumque
985 3746 1114 3814 ducem,

186 3850 227 3914 35
252 3848 317 3925 Qui
342 3847 579 3922 initiavimus,
603 3849 630 3912 si
656 3868 722 3912 non
746 3850 834 3913 hunc
858 3850 981 3913 blanda
1007 3851 1159 3932 voluptas

297 3955 446 4034 Vicisset,
470 3957 564 4019 tanto
589 3954 774 4036 peruiciosa
797 3957 878 4020 viro.

252 4061 407 4138 Thomas
431 4080 516 4136 ecce,
541 4081 636 4143 puer,
661 4061 841 4143 Campanis
866 4068 963 4128 natus
988 4064 1022 4127 iu
1047 4066 1114 4127 oris

297 4166 429 4232 Circum
454 4188 490 4231 se
514 4167 641 4249 positas
665 4168 794 4251 aufugit
817 4171 1003 4234 illecebras.

253 4272 393 4337 Molliter
416 4274 504 4338 inter
528 4295 608 4357 opes
632 4274 911 4359 indulgenterque
938 4278 1084 4341 nutritus
