2632 4718
566 765 765 831 ..7-

241 939 427 1021 doctrinae,
466 941 568 1004 immo
607 941 853 1024 superstitionis
890 944 1044 1008 omnibus
1081 945 1198 1027 priscis

239 1045 387 1127 ignotum
416 1046 489 1111 fuit.
542 1047 734 1130 Numquam
770 1049 832 1113 hoc
860 1051 980 1126 Varro,
1017 1070 1198 1132 numquam

152 1153 198 1216 80
240 1151 371 1230 Caesar,
395 1172 578 1235 numquam
608 1153 835 1230 Quintilianus
858 1157 916 1219 aut
936 1156 1116 1221 Palaemon
1140 1160 1198 1222 aut

239 1257 348 1340 Asper
371 1262 429 1323 aut
446 1259 576 1324 Probus
600 1262 658 1324 aut
675 1259 847 1325 Charisius
871 1263 928 1325 aut
945 1262 1073 1327 Pbocas
1097 1265 1197 1345 atque

237 1362 290 1445 (ut
314 1365 518 1430 recentiores
542 1365 718 1450 attingam)
747 1386 929 1448 numquam
961 1368 1109 1433 Donatus
1138 1373 1198 1435 aut

238 1469 375 1535 Servius
391 1475 450 1536 aut
468 1471 659 1537 Priscianus
675 1472 813 1538 tradidit
830 1477 888 1537 aut
906 1473 1040 1539 audivit.
1070 1475 1197 1540 Otem-

238 1594 318 1656 pora
334 1575 475 1658 perdita,
499 1596 520 1639 o
536 1578 667 1643 labores
685 1577 812 1655 inanes,
836 1601 856 1644 o
872 1580 1005 1662 ingenia
1024 1581 1058 1644 in
1075 1581 1196 1647 muscis

151 1681 194 1746 85
238 1681 412 1762 captandis
447 1682 722 1764 occupatissima!
769 1686 835 1749 Sed
868 1685 948 1766 quid
984 1686 1083 1765 haec,
1120 1707 1196 1751 cum

237 1804 417 1869 puerorum
452 1791 608 1869 parentes
643 1791 751 1854 nolint
785 1790 850 1854 nisi
886 1790 1075 1857 Alexandro
1109 1791 1195 1859 filios

236 1892 380 1957 erudiri?
405 1892 433 1958 0
451 1914 561 1959 mores
577 1898 764 1978 corruptos,
782 1916 801 1959 o
817 1913 940 1977 pueros
957 1895 1194 1962 intortunalos!

237 1999 323 2075 Heu,
345 2000 421 2078 hen,
446 2000 529 2064 libet
545 2001 638 2081 tlere,
662 2001 743 2065 libet
760 2001 921 2066 clamare!
951 2001 1037 2067 Nam
1061 2004 1195 2068 frauda-

235 2105 315 2169 mini
332 2105 464 2170 dicendi
485 2106 612 2190 politie,
636 2108 669 2170 et
685 2107 761 2188 plus
784 2108 903 2190 ignari,
920 2128 1020 2190 quam
1045 2109 1132 2173 docti
1154 2109 1195 2174 de

149 2212 193 2275 90
234 2214 345 2276 vestra
368 2211 556 2277 eruditione
586 2231 786 2295 cognoscere
814 2215 941 2278 volunt.
986 2214 1055 2278 Sed
1078 2214 1193 2293 nolite,

233 2318 340 2400 pueri,
365 2317 602 2397 Alexandrum,
631 2319 794 2402 spernite,
823 2319 968 2401 reiicite,
996 2319 1193 2386 floccifacite

233 2425 266 2487 et
290 2423 430 2505 refugite
454 2424 539 2499 illos,
564 2423 622 2506 qui
643 2426 921 2507 interpretantur!
946 2427 1069 2490 Vacate
1093 2425 1193 2490 intel-

233 2527 349 2608 ligibili
385 2532 418 2592 et
446 2530 600 2593 elimatae
631 2531 816 2609 doctrinae,
851 2533 888 2594 nt
921 2530 1012 2595 brevi
1041 2532 1193 2614 tempore

233 2635 374 2698 multum
406 2633 596 2718 proficiatis.
644 2636 713 2700 Neo
743 2656 795 2700 me
824 2637 1032 2702 solummodo
1059 2657 1118 2700 vos
1151 2639 1193 2702 ad

148 2741 190 2804 95
232 2741 406 2820 legendum
424 2742 548 2818 hortor,
573 2742 632 2805 sed
653 2741 748 2820 alios,
770 2743 867 2808 modo
890 2742 959 2806 sint
982 2742 1071 2806 boni.
1112 2743 1193 2808 Post

230 2845 287 2909 ubi
323 2850 436 2911 autem
466 2847 529 2911 bac
561 2847 653 2912 erilis
692 2847 812 2913 initiali
842 2848 1003 2928 doctrina,
1039 2848 1192 2929 poteritis

231 2951 313 3015 alios
337 2952 504 3034 intrepide
521 2953 671 3018 volutare
692 2955 934 3036 grammaticos.
971 2954 1046 3018 Non
1065 2954 1192 3035 dubito,

231 3056 312 3140 quin
347 3056 383 3122 in
419 3079 471 3122 me
503 3058 677 3140 insurgant
709 3058 927 3125 Alexandrini
962 3062 1192 3142 conenturque

230 3161 498 3229 cavillationibus
523 3184 595 3229 mea
619 3166 777 3230 damnare
794 3165 965 3248 opuscula.
1002 3164 1069 3229 Sed
1093 3168 1191 3231 modo

126 3270 190 3334 100
231 3288 284 3332 res
315 3270 351 3333 in
378 3271 552 3334 doctorum
576 3271 735 3335 iudicium
765 3271 963 3348 deducatur,
997 3270 1081 3335 nihil
1111 3272 1190 3335 mihi

229 3375 415 3439 verendum
432 3378 493 3439 est.
530 3377 796 3456 Calumnientur,
820 3376 1030 3456 insidientur,
1055 3378 1191 3458 latrent,

229 3483 382 3564 crepent,
406 3481 490 3546 nibil
514 3481 661 3546 veritatis
685 3481 796 3546 refert.
844 3481 1029 3546 Abiicietur
1052 3484 1190 3546 omnino

229 3587 271 3650 ad
295 3606 420 3668 paucos
451 3607 557 3652 annos
581 3587 780 3659 Alexander,
812 3608 830 3651 e
855 3587 964 3651 medio
989 3588 1190 3652 extermina-

229 3693 321 3757 bitur
344 3693 379 3756 in
395 3694 583 3758 barbariem
606 3713 712 3772 suam,
736 3695 771 3757 et
795 3692 861 3756 iarn
885 3692 960 3757 Itali
985 3712 1025 3755 ex
1050 3691 1189 3772 Latinis,

125 3801 187 3862 105
230 3818 297 3862 non
322 3819 361 3863 err
385 3799 537 3864 barbaris
561 3799 707 3882 linguam
726 3799 879 3863 Latinam
904 3797 1062 3863 ediscent.
1109 3799 1191 3862 Per-

229 3905 353 3969 suadeo
378 3905 457 3968 milri
483 3925 551 3970 rem
568 3907 697 3987 gratam
713 3904 882 3986 plerisque
899 3903 1015 3968 fecisse
1033 3906 1066 3968 et
1083 3904 1190 3968 doctis

229 4009 477 4092 ingeniosisquc
501 4011 581 4075 viris
605 4011 794 4093 praecipue,
818 4011 874 4091 qui
898 4030 951 4073 me
975 4010 1189 4090 laboremque

228 4136 340 4180 meum
356 4118 428 4181 sine
445 4116 570 4181 invidia
592 4118 831 4182 collaudabunt
854 4115 1106 4197 tuebunturque
1130 4116 1190 4179 ad-

228 4242 346 4287 versus
375 4224 450 4303 hos,
488 4222 578 4306 siqui
612 4225 726 4301 erunt,
757 4223 915 4287 uecordes
945 4220 1188 4286 Alexandrinos

123 4328 188 4390 110
229 4330 262 4392 et
285 4329 399 4393 hostes
424 4327 604 4410 doctrinae,
628 4328 766 4409 politici.
