2632 4718
185 4330 329 4394 Α

105 4486 111 4517 t

745 686 968 763 ..78-

368 882 389 943 5
481 878 595 941 Exstat
633 874 805 959 elegans⁸)
842 872 986 957 epistola
1022 872 1202 941 Aeneae
1235 876 1305 955 syl

440 984 473 1048 in
497 1002 563 1065 qua
586 981 750 1065 poeticam
774 980 935 1046 scientiae
959 978 1046 1043 iuris
1072 980 1251 1061 praefert.

488 1088 599 1171 Iniqui
629 1086 789 1152 causidici
820 1086 1025 1167 tabulaeque
1057 1086 1228 1167 perbelle
1264 1094 1289 1153 t.

440 1198 474 1261 in
491 1196 622 1275 dialogo
633 1192 793 1257 t'eritalis
808 1198 843 1257 et
857 1192 1068 1257 l‘liilalethae
1083 1194 1186 1277 apud
1203 1194 1240 1259 M
1249 1214 1299 1279 ap

437 1300 646 1383 regnans).

353 1414 391 1473 ltt
488 1407 669 1471 Budaeus
700 1406 741 1469 in
787 1403 1135 1469 annotationibus
1182 1408 1302 1489 pand

440 1514 553 1595 larini)
566 1514 706 1593 legatur:
723 1510 760 1573 ln
779 1510 872 1587 iuris,
889 1528 956 1573 aon
972 1508 1128 1575 iustiliae
1145 1514 1315 1579 consulto

441 1620 595 1701 legulcos.
612 1638 697 1699 (pros
714 1620 748 1681 ct
765 1616 924 1699 leguleius
940 1618 972 1679 et
989 1614 1166 1699 legulcgos
1186 1622 1307 1687 vocari

440 1726 506 1788 nio.
531 1726 568 1787 ln
594 1724 739 1787 infantes
756 1722 977 1803 iurisperitus.
1012 1721 1052 1785 lu
1073 1726 1304 1806 expositione

439 1831 508 1895 lruli
529 1829 724 1911 metropolis
737 1828 917 1893 Gratianus
935 1830 1078 1893 taxatur.
1116 1830 1305 1911 Digressio

373 1942 388 1995 .'
440 1940 515 2001 clem
540 1936 572 1999 in
597 1934 793 1999 Latinitatis
815 1936 1065 2017 contemptores
1087 1938 1142 1999 est
1167 1938 1313 2019 pulclrer

442 2044 634 2107 .-lucloritas
659 2040 788 2125 pmtica
812 2044 975 2123 (mantum
999 2040 1117 2105 valeat.
1164 2044 1313 2127 Depres.

443 2148 662 2212 lrnrnanitatis
686 2148 905 2211 oblocutores.
954 2144 1108 2210 Poeticae
1135 2148 1275 2213 laudes.

492 2257 593 2319 lrlem
635 2256 741 2318 lilrro
780 2254 826 2317 de,
867 2276 955 2317 asse
993 2256 1031 2315 et
1074 2256 1277 2335 partibus

442 2384 462 2444 q
474 2362 636 2445 rrirrtcr*):
662 2363 778 2441 ltaque
795 2364 1023 2425 sacrosanctos
1040 2380 1190 2423 canones
1209 2364 1305 2427 meli«

354 2486 371 2532 ·.
443 2469 541 2531 aunis
567 2470 688 2533 tactos.
718 2470 750 2529 ut
785 2468 825 2529 iis
851 2467 941 2530 relut
966 2465 1085 2547 regulis
1111 2466 1181 2529 rita
1206 2469 1315 2533 cleric

443 2575 641 2653 diriperetur
677 2578 710 2636 ct
741 2574 830 2635 relat
863 2575 993 2653 patrum
1025 2572 1253 2654 praescriptis
1287 2596 1310 2657 p

445 2682 685 2751 lui-orarentur,
717 2678 781 2740 iam
808 2678 840 2740 in
865 2677 1027 2741 anmsscis
1051 2678 1232 2759 plumbeas
1260 2703 1314 2744 cr⁴

445 2786 520 2867 «pris
546 2806 611 2848 non
629 2785 744 2847 ridet?
782 2786 905 2861 txluales
928 2784 1005 2847 olim
1030 2784 1132 2846 luisse
1156 2804 1313 2851 canones

360 2900 401 2957 ‘tsi
448 2893 522 2956 lriae
537 2894 723 2954 structurae
741 2891 839 2955 tradit
850 2888 1087 2974 Aristoteles-'p
1107 2890 1193 2954 Nam
1208 2895 1246 2955 ut
1261 2914 1316 2957 ear

449 2998 596 3081 plumlmi
622 3000 655 3060 ct
672 2998 787 3060 molles
810 3016 875 3061 uon
900 3000 1101 3059 structuram
1119 3016 1266 3078 operum
1295 3004 1305 3064 t

447 3105 612 3185 aequabili
661 3104 826 3181 dirigant.
873 3106 931 3167 sed
979 3106 1179 3167 structorum
1229 3124 1308 3169 com

453 3211 634 3287 llexilesssssl
670 3214 857 3273 structurae
882 3212 1152 3277 accomodantur,
1180 3210 1228 3273 ¹sic
1260 3232 1314 3275 rar

446 3317 607 3400 pontificii
633 3338 671 3379 ex
698 3317 932 3380 insererelesiae
954 3315 1144 3379 antistitum
1167 3316 1300 3379 flexiles

450 3425 534 3487 cerci
562 3424 638 3487 t'arti
663 3426 756 3489 sunl.
787 3425 821 3485 ut
849 3422 973 3486 iannlio
1006 3420 1159 3485 instituta
1183 3421 1307 3487 maiorr

362 3536 403 3593 :lo
450 3532 637 3593 sanctiones
663 3529 853 3611 pontiticiae
882 3549 946 3591 mm
977 3528 1124 3591 moribus
1149 3529 1309 3607 regendis¹

448 3660 531 3713 esse,
556 3637 614 3697 sed
639 3636 898 3716 (properumlum
923 3634 1077 3717 dixerim)
1106 3634 1311 3714 argentariae·

450 3744 596 3807 litandae
622 3744 852 3805 auctoritatem
877 3741 1092 3803 accomodare
1116 3739 1307 3804 videantur.

495 3849 536 3911 ln
566 3850 701 3910 eodem
734 3847 842 3910 libro
878 3847 1043 3909 lectitetur
1067 3846 1312 3928 dittypoplrma

450 3955 668 4037 respondens,
697 3953 753 4034 qni
788 3954 973 4016 litterarum
1003 3950 1223 4015 saecularium
1258 3956 1312 4015 stu

363 4065 404 4125 aa
452 4064 607 4127 ‹lanmant
628 4063 661 4123 ut
682 4060 763 4123 nilril
778 4059 950 4141 pertinens
968 4060 1008 4123 ad
1022 4078 1133 4121 reram
1147 4059 1307 4143 philosop

341 4204 606 4213 ——-——--—

426 4290 452 4355 *l
473 4290 548 4341 Felrlt
567 4291 593 4340 in
616 4289 643 4340 lt.
666 4319 698 4326 —
718 4287 758 4355 **)
780 4288 813 4342 tl:
834 4287 970 4341 ueritates.
