2632 4718
10 39 1240 370 n

484 697 726 770 -111-

178 879 304 949 Navita
320 899 387 966 per
409 881 530 948 fluctus
554 881 660 948 utitur
684 886 756 949 arte
780 902 850 949 sua.

134 987 173 1055 Si
197 986 350 1054 crucient
373 1007 557 1073 numquam
580 989 734 1055 mortalia
757 1008 898 1072 corpora
921 990 1038 1071 morbi,

62 1098 108 1162 30
180 1094 305 1177 Surget
327 1093 517 1178 Apollineis
540 1095 644 1179 gloria
667 1095 761 1160 nulla
784 1094 872 1160 riris.

135 1201 207 1267 Cur
228 1202 277 1267 ita
298 1200 449 1267 Maeonio
472 1201 539 1268 vati
563 1203 750 1268 celebratur
774 1202 933 1285 Ulysses?

181 1307 312 1392 Nempe
335 1307 428 1391 quod
450 1306 505 1373 hic
528 1327 645 1373 errans
669 1327 789 1391 aspera
812 1308 918 1373 multa
943 1309 1030 1374 tulit.

136 1413 344 1480 Hectoreum
367 1413 460 1479 nullo
485 1413 652 1479 coleretur
675 1415 822 1479 carmine
846 1434 979 1493 nornen,

182 1519 279 1585 Bella
300 1518 365 1585 nisi
387 1518 508 1585 Troiae
531 1519 640 1585 tristia
663 1523 752 1586 mota
776 1521 895 1586 forent.

64 1628 109 1692 35
136 1625 268 1691 Emicat
289 1624 438 1691 adversis
461 1625 566 1691 virtus
589 1627 648 1691 tua
670 1626 804 1691 casibus
827 1629 933 1705 aucta,

182 1733 248 1797 Per
270 1732 413 1816 populos
436 1750 553 1797 omnes
576 1733 655 1798 hinc
679 1735 737 1797 tna
760 1733 848 1798 lama
871 1734 972 1798 volat.

135 1838 314 1904 Abductus
337 1839 447 1921 patria
469 1840 622 1921 carisque
646 1839 843 1923 parentibus
867 1840 970 1904 orbus

181 1944 301 2011 Martia
324 1947 526 2029 spectandus
549 1947 690 2030 corripis
713 1965 806 2011 arma
829 1966 922 2029 puer.

134 2051 313 2117 Assuescis
337 2050 440 2117 duros
462 2051 542 2117 belli
564 2053 707 2118 tolerare
732 2053 873 2132 labores,

63 2162 111 2227 40
181 2158 371 2240 Gymnados
394 2161 553 2242 expertus
576 2159 876 2242 grammaticusque
901 2160 1004 2240 prius.

136 2265 254 2330 Indole
277 2263 356 2344 iarn,
380 2263 490 2348 qualis
514 2285 607 2330 esses
631 2264 812 2348 aliquando
836 2265 979 2346 futurus,

183 2371 394 2437 Monstrabas
417 2371 506 2437 clara
529 2370 733 2453 mirificeque
757 2372 872 2453 proba.

139 2478 319 2544 Pentathlo
342 2479 473 2545 cunctis
497 2479 673 2560 praestans
696 2478 893 2560 aequalibus
917 2497 1032 2542 omnes

184 2584 366 2650 Hastarum
390 2584 470 2649 ludo
492 2584 626 2649 vincere
649 2587 825 2666 promptus
850 2605 934 2649 eras.

66 2693 112 2756 45
137 2690 247 2755 Fortis
271 2690 468 2756 adulescens
491 2689 607 2754 nitidis
631 2710 828 2772 congressus
854 2689 889 2754 in
912 2689 1013 2754 armis

183 2797 346 2863 Hostibus
370 2817 406 2862 es
429 2816 560 2863 summo
583 2799 699 2861 nactus
723 2797 849 2862 honore
874 2798 984 2861 decus,

137 2902 177 2967 In
201 2902 313 2969 Gallos
335 2923 489 2988 pugnans
512 2904 612 2968 turba
635 2902 782 2984 fugiente
807 2902 916 2984 perire

180 3009 338 3092 MalebaS,
361 3011 451 3094 turpi
476 3029 577 3093 quam
601 3009 740 3092 fugitare
764 3015 866 3074 metu.

137 3114 265 3199 Captus
288 3119 321 3181 et
344 3116 458 3181 hostili
482 3115 589 3198 longis
612 3117 788 3181 conclusus
813 3116 847 3179 in
871 3136 947 3180 arce

67 3221 115 3285 50
183 3220 407 3303 Temporibus
431 3223 569 3287 tandem
593 3222 730 3287 coelitus
754 3221 905 3311 eriperis

137 3327 262 3392 Obside
286 3347 430 3412 namque
454 3329 531 3394 dato
556 3329 668 3394 multis
693 3328 870 3394 comitatus
894 3330 1028 3394 abunde

181 3433 309 3500 Castris
331 3435 366 3500 iu
389 3436 518 3518 patriae
542 3438 673 3502 moenia
697 3437 785 3502 laeta
808 3436 905 3500 redis.

136 3540 220 3619 Quis
243 3562 381 3608 narrare
403 3545 516 3625 queat,
540 3563 626 3626 quae
649 3543 770 3625 gaudia
794 3544 893 3626 quire
916 3543 1077 3626 triumphi

180 3647 218 3712 ln
240 3649 376 3731 populis
401 3649 526 3714 suerint
549 3652 582 3713 te
606 3651 778 3733 repetente
803 3649 964 3714 domurn?

71 3755 113 3819 55
138 3752 212 3819 Non
235 3754 283 3821 ita
306 3755 437 3838 gavisas
460 3757 652 3839 praeclarae
676 3757 785 3821 laudis
809 3755 959 3820 Athenas

180 3859 267 3925 Cum
291 3861 453 3939 Phaedra,
478 3861 658 3947 Theseu²)‚
681 3865 714 3926 te
739 3864 899 3927 redeunte
923 3865 1016 3944 pute,

137 3964 205 4032 Nec
227 3966 366 4049 Minyas,
389 3967 515 4032 fulvum
540 3968 670 4051 patriae
694 3987 768 4033 curn
792 3968 898 4033 vellus
922 3967 1056 4054 lason-⁴³)

180 4072 307 4151 Intulit,
331 4073 451 4156 insigni
476 4074 653 4139 Colchidos
677 4094 758 4138 usus
782 4093 855 4156 ope.

136 4180 201 4244 Sed
225 4179 359 4244 fortuna
382 4180 464 4245 levis
489 4181 665 4246 diuturnae
689 4200 827 4244 munera
851 4181 944 4261 pacis

69 4286 114 4351 60
179 4287 256 4352 Nou
279 4287 355 4351 tulit
379 4291 412 4351 et
435 4287 538 4351 morit
560 4286 668 4353 tristia
693 4288 781 4352 bella
804 4286 876 4352 tibi.
