2632 4718
59 1061 185 1157 Quod
196 1061 330 1133 studia
338 1062 648 1145 intermittenda
661 1082 744 1134 non
753 1067 888 1135 autam
896 1064 1125 1147 omittenda

186 1169 260 1239 sed
282 1169 380 1240 dum
401 1169 578 1253 vivimus,
601 1170 887 1260 prosequenda
909 1175 1005 1241 sunt

84 1387 98 1449 1
151 1384 374 1451 Relaxatione
405 1385 506 1480 animi
539 1387 585 1451 ita
616 1386 778 1451 utendum
809 1388 877 1468 est,
912 1390 949 1452 ut
978 1406 1054 1452 mox
1084 1387 1127 1451 ad

151 1491 266 1558 studia
293 1495 510 1557 revertamur.
558 1492 593 1559 Si
621 1493 701 1576 quid
734 1494 844 1558 autem
873 1493 980 1576 primo
1002 1493 1126 1559 intuitu

151 1600 243 1664 baud
266 1599 448 1682 capiamus,
472 1619 540 1665 uon
563 1601 675 1665 statim
700 1599 896 1665 abiiciamus
912 1601 954 1665 de
970 1600 1126 1666 manibus

151 1706 299 1785 codices,
333 1707 395 1773 sed
425 1707 556 1773 diutina
587 1707 817 1790 speculatione
840 1708 1009 1790 ingenium
1033 1707 1068 1772 in
1091 1707 1125 1773 id

79 1816 100 1879 5
149 1815 373 1880 intendamus.
410 1815 515 1880 Recte
532 1815 709 1901 Seneca¹):
737 1813 849 1894 „Nihil
866 1818 926 1894 est,
951 1815 1040 1897 quod
1058 1834 1125 1879 non

151 1925 318 2004 expugnet
351 1921 507 2005 pertinax
540 1941 642 2003 opera
678 1923 711 1986 et
745 1922 876 1986 intenta
910 1940 948 1985 ac
983 1921 1124 2002 diligens

150 2032 262 2093 cura.“
313 2028 497 2093 Careamus
521 2027 623 2093 etiam
645 2028 871 2111 potissimum,
907 2047 949 2092 ne
976 2028 1028 2092 rel
1057 2027 1123 2092 otio

151 2135 206 2200 vel
222 2136 371 2219 corporis
388 2136 501 2200 labore
518 2135 678 2200 diuturno
695 2135 841 2200 studium
858 2134 1121 2217 intercipimus,

151 2242 339 2308 Audiamus
363 2240 566 2328 Ovidium‚²)
597 2245 723 2324 quanta
750 2241 794 2306 sit
817 2240 997 2307 intermissi
1021 2242 1124 2306 studii

58 2352 101 2416 10
149 2350 289 2427 iactura,
322 2349 374 2413 his
398 2348 551 2414 versibus
575 2349 610 2413 in
633 2351 660 2412 V
684 2347 841 2414 Tristium
865 2351 1121 2431 protestantem:

154 2457 283 2536 „Adde
306 2456 397 2539 quod
420 2456 589 2538 ingenium
612 2457 709 2538 longa
731 2455 882 2537 rubigine
906 2457 1033 2520 laesum

196 2564 323 2645 Torpet
347 2567 381 2627 et
405 2567 456 2628 est
478 2563 593 2640 multo,
618 2583 717 2645 quam
741 2561 804 2628 suit
827 2565 914 2639 ante,
939 2561 1058 2627 minus,

152 2670 299 2749 Fertilis,
324 2670 457 2736 assiduo
480 2671 509 2735 si
533 2689 601 2734 non
623 2672 801 2735 renovetur
824 2672 944 2749 aratro,

195 2777 288 2842 Nihil
311 2778 375 2842 nisi
399 2797 474 2841 cum
498 2775 603 2861 spinis
627 2796 762 2858 gramen
785 2775 922 2840 babebit
946 2795 1029 2858 ager.

62 2886 104 2951 15
153 2884 319 2967 Tempore
343 2885 400 2966 qui
426 2884 523 2966 longo
547 2883 687 2957 steterit,
712 2883 797 2948 male
821 2882 926 2948 currit
950 2886 983 2946 et
1006 2883 1095 2947 inter

197 2992 396 3057 Carceribus
420 2991 537 3057 missos
562 2992 699 3056 ultimus
722 2990 785 3054 ibit
809 3009 922 3072 equus.

151 3099 296 3164 Vertitur
319 3100 354 3163 in
377 3102 527 3165 teneram
552 3097 675 3164 cariem
698 3097 856 3180 rimisque
881 3095 1031 3175 dehiscit,

196 3208 231 3273 Si
255 3226 323 3289 qua
346 3205 402 3271 diu
426 3206 531 3273 solitis
554 3206 671 3288 cymba
694 3205 823 3269 vacabit
847 3205 972 3286 aquis“
999 3240 1043 3252 -

151 3315 289 3379 Nullum
298 3315 470 3398 praeterea
483 3314 629 3379 laborem
643 3331 844 3390 recusemus
858 3316 894 3376 ut
908 3312 942 3375 in
955 3310 1120 3377 litteratos

62 3423 106 3487 20
150 3422 239 3486 viros
270 3422 466 3501 evadamus,
502 3420 632 3502 capturi
665 3420 794 3484 dulcem
822 3420 968 3484 fructum
999 3417 1121 3483 radicis

151 3548 292 3594 amarae.
328 3529 474 3610 Ingenuo
500 3528 699 3593 Hermolaus
723 3527 891 3591 Barbarus
914 3525 949 3588 in
973 3526 1118 3607 quadarn

151 3635 292 3719 epistola
308 3636 406 3714 „Sine
419 3636 562 3716 labore,“
578 3635 697 3717 inquit,
714 3634 804 3713 „sine
817 3632 937 3714 vigiliis
947 3633 1119 3715 pervenire

150 3762 248 3807 nemo
272 3745 382 3825 potest
405 3743 447 3807 ad
470 3763 520 3820 ea,
549 3762 634 3824 quae
659 3763 719 3807 nos
743 3762 762 3806 a
785 3741 883 3823 vulgo
908 3744 1064 3822 separant
1088 3742 1121 3804 et

151 3871 170 3915 a
200 3851 354 3932 populo.“
411 3850 452 3913 Et
480 3853 518 3914 ut
549 3850 636 3913 idem
667 3852 820 3924 testatur,
852 3848 942 3928 apud
975 3848 1119 3912 Graecos

63 3958 105 4022 25
151 3977 267 4022 versus
284 3957 450 4039 proverbii
468 3957 538 4021 rice
555 3956 742 4021 celebratus
763 3958 825 4034 est,
844 3953 951 4038 quiin
969 3953 1121 4018 Latinum

150 4065 390 4147 interpretatus
414 4066 461 4128 sic
485 4066 599 4128 sonat:

154 4173 306 4253 „Venten
332 4172 456 4255 pluma,
481 4172 591 4235 Venus
615 4172 746 4235 laudem
763 4169 917 4252 fugienda
933 4169 1118 4251 sequenti.“

1179 4324 1296 4368 Α
