2796 4342
692 225 912 291 ..30-

358 403 586 489 pientissimus
616 406 710 470 vates
740 406 774 468 et
805 403 1001 470 Germaniae
1032 403 1193 488 splendor
1223 403 1336 485 singu-

275 513 315 576 10
359 510 448 592 laris,
479 511 629 577 dictitare
660 511 761 576 solet:
800 510 915 590 „Tum,
944 529 1020 576 cum
1048 509 1221 594 principes
1249 509 1336 576 docti

360 622 474 700 erant,
512 621 602 684 totus
636 617 705 682 iere
739 620 904 682 terrarum
939 617 1030 682 orbis
1064 637 1183 683 eorum
1217 617 1337 683 ditioni

360 726 514 810 parebat,
546 744 635 790 nunc
658 729 786 806 autem,
818 744 894 790 cum
922 725 1049 790 litteras
1076 723 1250 808 ignorant,
1284 727 1340 789 rix

361 835 520 917 quattuor
534 851 688 916 agrorum
704 832 820 913 iugera
839 833 976 912 habent,
1000 832 1035 896 in
1055 851 1140 914 quae
1156 831 1339 914 imperium

361 959 458 1005 suum
482 943 688 1006 exerceant.“
720 939 909 1006 Alexander
932 939 988 1004 ille
1004 939 1154 1022 Magnus,
1179 939 1234 1004 cui
1251 958 1340 1004 unus

276 1049 315 1112 15
361 1049 507 1113 mundus
531 1065 598 1113 non
621 1045 761 1126 suffecit,
785 1065 852 1112 non
872 1046 983 1111 minus
1004 1045 1094 1112 omni
1110 1046 1340 1112 doctrinarum

361 1173 497 1238 genere,
533 1174 633 1238 quam
666 1153 809 1236 imperio
844 1153 991 1236 reliquos
1021 1153 1175 1218 homines
1210 1153 1341 1218 anteire

361 1261 527 1345 cupiebat.
575 1261 683 1327 Julius
712 1260 846 1338 Caesar,
876 1261 1036 1326 Octavius
1063 1259 1249 1342 Augustus,
1280 1259 1342 1323 Ca-

365 1369 454 1434 rolus
472 1369 609 1450 Magnus
633 1367 757 1449 aliique
780 1367 916 1449 plurimi
940 1365 1161 1450 imperatores
1186 1369 1221 1430 et
1247 1385 1341 1448 reges

362 1481 432 1542 tam
462 1477 625 1542 bonarum
653 1475 792 1552 artium,
822 1495 923 1557 quam
946 1493 1114 1540 armorum
1137 1473 1243 1556 gloria
1273 1475 1343 1538 cla·

277 1585 320 1650 20
365 1587 513 1648 ruerunt.
539 1583 575 1648 Si
591 1581 691 1666 igitur
706 1601 887 1664 generosus
904 1601 951 1660 ee,
968 1582 1058 1646 omni
1075 1580 1187 1648 studio
1200 1581 1342 1656 enitere,

363 1695 401 1756 ut
425 1691 467 1756 ad
490 1689 620 1773 generis
644 1689 879 1755 claritudinem
903 1707 1031 1754 morum
1054 1707 1190 1772 quoque
1213 1691 1248 1752 et
1273 1689 1343 1754 dis-

368 1797 565 1882 ciplinarum
590 1795 679 1862 nitor
702 1797 848 1861 accedat.
896 1795 932 1861 Si
956 1797 1065 1861 terrae
1093 1793 1183 1860 filius
1206 1815 1254 1874 es,
1283 1797 1343 1859 aut

363 1903 506 1989 plebeiis
523 1906 620 1968 natus
636 1902 842 1987 parentibus,
859 1901 1105 1986 philosophiam
1122 1901 1343 1984 amplectere3

364 2011 446 2076 haec
462 2015 495 2075 te
512 2029 590 2076 vere
608 2009 755 2075 nobilem
768 2010 877 2088 faciet,
893 2029 954 2092 per
966 2029 1039 2074 eam
1052 2007 1149 2074 facile
1161 2009 1343 2087 obtinebis,

277 2118 318 2184 25
365 2121 402 2184 ut
425 2117 607 2182 maioribus
629 2116 695 2182 tuis
717 2119 910 2199 praeluceas
931 2115 1045 2199 illique
1063 2120 1126 2182 ate
1139 2116 1345 2200 principium

366 2245 446 2291 suae
479 2223 676 2308 cognitionis
710 2224 883 2307 accipiant.
938 2223 1122 2304 „Nobilitas
1151 2223 1276 2300 enim“,
1307 2228 1345 2288 ut

365 2331 570 2417 luvenalisl)
593 2331 651 2408 ait,
687 2331 777 2411 „sola
800 2335 851 2396 est
874 2333 974 2413 atque
998 2330 1096 2396 unica
1118 2329 1255 2396 virtus.“
1307 2331 1345 2396 Si

366 2439 451 2505 liber
475 2459 511 2503 es
535 2441 568 2502 et
592 2437 769 2521 ingenuus,
793 2457 860 2521 qua
884 2437 1012 2502 ratione
1030 2437 1232 2521 disciplinas,
1257 2457 1345 2522 quae

366 2547 520 2612 liberales
537 2549 571 2610 et
584 2547 748 2628 ingenuae
769 2547 927 2611 dicuntur
949 2565 1017 2610 non
1029 2545 1072 2611 ob
1085 2545 1185 2611 aliam
1196 2565 1346 2622 causam,

279 2653 322 2719 30
368 2673 469 2738 quam
486 2653 576 2736 quod
592 2653 714 2718 liberos
731 2655 766 2716 et
782 2653 944 2736 ingenuos
961 2653 1112 2733 deceant,
1129 2655 1346 2718 contemnere

368 2763 426 2826 aut
461 2761 628 2843 negligere
664 2760 825 2826 audebis?
873 2759 907 2826 Si
943 2779 1075 2838 serius,
1110 2761 1347 2844 philosophiae

369 2867 492 2933 servias
516 2871 660 2952 oportet,
684 2872 722 2932 ut
746 2867 807 2932 libi
831 2868 1003 2950 contingat
1026 2887 1111 2933 vera
1129 2867 1276 2933 libertas.

372 2975 508 3055 „Perdit
532 2975 621 3040 enim
645 2975 732 3040 servi
756 2993 888 3054 nomen,
912 2973 965 3040 cui
990 2975 1095 3040 libera
1119 2993 1214 3039 mens
1238 2977 1323 3040 est“.

368 3081 556 3154 Terentius.
580 3083 637 3165 qui
655 3085 788 3148 tantum
805 3082 893 3146 inter
910 3081 1047 3148 Latinos
1064 3081 1206 3146 comicos
1224 3101 1348 3146 nomen

281 3189 322 3254 35
371 3189 481 3270 habet,
507 3189 634 3254 Lucani
656 3187 807 3254 Terentii
824 3207 940 3254 servus
958 3187 1060 3255 luisse
1077 3189 1208 3270 legitur,
1233 3207 1346 3270 aquo,

371 3295 451 3380 quia
475 3299 509 3362 et
532 3295 641 3362 tidelis
665 3294 749 3360 soret
773 3297 807 3360 et
830 3295 963 3380 ingenio
988 3317 1053 3362 non
1069 3295 1225 3376 tardiore,
1249 3315 1347 3379 prae-

371 3403 564 3486 ceptoribus
588 3402 757 3468 litterariis
782 3405 1046 3483 commendatus,
1075 3403 1147 3468 heri
1176 3402 1348 3486 diligentia

371 3511 638 3594 liberalitateque
651 3509 760 3575 iactus
773 3513 823 3575 est
836 3511 1040 3576 clarissimus
1053 3513 1161 3594 poeta.
1184 3509 1346 3593 Aesopus,

371 3617 537 3686 fabulator
561 3617 739 3701 Phrygius,
771 3637 887 3682 servus
917 3619 981 3684 fuit
1010 3621 1042 3683 et
1071 3617 1106 3682 in
1130 3637 1271 3683 numero
1295 3639 1346 3684 sa-

282 3725 328 3788 40
372 3725 538 3806 pientium
560 3725 706 3790 virorum
735 3724 868 3789 habitus
892 3728 952 3789 est.
1000 3724 1174 3808 Epictetus
1205 3724 1345 3806 Stoicae,

375 3829 534 3893 Phaedon
569 3831 775 3908 Soet-alicua,
812 3827 990 3908 Menippus
1024 3829 1167 3912 aliique,
1206 3851 1345 3914 quorum
