2632 4718
553 576 774 642 „47-

216 756 313 822 ultro.
363 755 404 820 In
427 754 605 821 laudandis
635 754 875 838 discipulorum
906 752 1108 822 dictionibus
1131 775 1193 820 nec

215 863 383 945 malignus
406 882 468 927 nec
491 861 636 941 effusus,
666 863 746 944 quia
770 881 823 927 res
848 862 952 928 altera
974 863 1122 928 taedium
1146 864 1193 928 la·

121 972 166 1035 45
215 969 318 1042 boris.
343 970 449 1035 altera
471 969 686 1035 securitatem
706 969 804 1053 parit.
830 969 868 1033 In
885 971 1092 1035 emendando
1108 990 1193 1053 quae

112 1148 118 1163 ‚
215 1078 412 1161 corrigenda
436 1081 553 1158 erunt,
586 1097 653 1142 non
686 1078 826 1142 acerbus
849 1076 1053 1160 minimeque
1076 1079 1194 1143 contu-

216 1185 388 1263 meliosum
420 1203 498 1248 nam
522 1183 557 1250 id
580 1184 715 1267 quidem
740 1184 863 1248 multos
887 1205 906 1248 a
929 1185 1099 1268 proposito
1124 1188 1194 1249 stu-

218 1292 319 1357 dendi
355 1293 458 1373 fugat,
494 1293 585 1374 quod
620 1290 757 1373 quidam
792 1291 839 1355 sic
874 1291 1063 1374 obiurgant,
1098 1291 1194 1375 quasi

217 1399 362 1464 oderint.
403 1399 480 1482 Ipse
504 1397 643 1481 aliquid,
667 1398 768 1463 immo
793 1398 898 1463 multa
921 1397 1071 1480 quotidie
1096 1398 1194 1478 dicat,

124 1508 170 1571 50
217 1525 306 1589 quae
341 1525 456 1570 secum
490 1505 606 1570 audita
647 1506 804 1570 referant.
865 1504 956 1570 Licet
991 1505 1079 1569 enim
1114 1505 1194 1570 satis

218 1613 448 1697 exemplorum
472 1613 515 1676 ad
537 1610 737 1676 imitandum
766 1632 805 1676 ex
829 1611 969 1676 lectione
994 1613 1194 1696 suppeditet,

218 1724 333 1784 tamen
356 1718 432 1783 riva
456 1718 522 1793 illa,
548 1722 586 1783 ut
609 1717 738 1798 dicitur,
762 1738 824 1783 vox
848 1718 907 1783 alit
929 1718 1073 1802 plenius,
1097 1738 1195 1800 prae-

218 1826 385 1911 cipueque
415 1827 657 1909 praeceptoria
692 1845 792 1908 quem
826 1824 997 1908 discipuli,
1038 1825 1067 1889 si
1097 1828 1195 1890 modo

218 1936 312 1998 recte
341 1935 420 1997 sunt
450 1933 611 2009 instituti,
640 1936 674 1998 et
701 1934 814 1998 amant
851 1937 885 1996 et
913 1934 1079 1998 verentur.
1134 1933 1194 1997 Vix

124 2042 170 2106 55
217 2044 332 2105 autem
356 2039 421 2105 dici
445 2043 567 2122 potest,
596 2042 722 2122 quanto
753 2039 910 2104 libentius
934 2039 1104 2105 imitemur
1128 2059 1194 2121 eos,

219 2147 343 2229 quibus
360 2145 578 2232 favemus.“4)
610 2145 713 2229 Cogat
728 2144 825 2210 etiam
843 2147 999 2228 magister
1015 2147 1195 2230 discipulos

218 2254 254 2317 in
278 2255 393 2319 schola
415 2255 612 2336 tempestive
636 2254 753 2318 adesse
777 2257 810 2318 et
833 2273 880 2334 ea,
905 2272 992 2336 quae
1016 2253 1194 2334 dictantur,

220 2380 298 2425 cum
325 2360 459 2425 silentio
490 2359 642 2442 excipere
672 2361 863 2442 mundeque
890 2360 926 2424 in
954 2361 1079 2426 chartis
1109 2362 1195 2425 bene

220 2467 461 2551 compaginatis
485 2471 610 2532 notare.
651 2467 913 2550 Orthographiae
938 2471 971 2531 et
993 2471 1195 2551 punctorum

126 2577 173 2640 60
222 2574 399 2656 diligenter
413 2576 601 2640 admoneat.
627 2573 753 2639 Deinde
771 2578 923 2639 cessante
937 2574 1083 2639 dictandi
1096 2594 1196 2655 opera

220 2683 389 2763 imperato
424 2682 557 2746 silentio
592 2685 625 2746 et
664 2701 793 2746 summa
829 2681 976 2747 omnium
1012 2682 1195 2746 attentione

220 2807 326 2853 unum
343 2789 489 2871 aliquem
505 2787 688 2854 constituat
704 2789 869 2866 lectorem,
893 2790 932 2851 ut
949 2807 1045 2852 verae
1063 2806 1195 2869 quoque

220 2895 356 2960 lectioni
373 2900 407 2960 et
424 2894 692 2977 pronunciationi
712 2895 860 2975 integrae
877 2898 1079 2959 assuescant.
1104 2894 1195 2958 Bene

221 3003 388 3085 legentem
411 3003 535 3082 laudet,
559 3003 702 3067 barbare
717 3003 995 3086 p-onunciantem
1012 3001 1133 3084 culpet,
1159 3005 1196 3066 ut

129 3111 174 3176 65
221 3109 467 3192 pudefactionis
503 3110 679 3176 formidine
714 3113 749 3174 et
783 3109 892 3174 laudis
921 3107 1105 3191 cupiditate
1135 3107 1196 3172 ho-

224 3216 456 3281 nestissimum
480 3221 648 3282 certamen
672 3216 857 3281 litterarum
875 3217 1003 3279 certent
1019 3217 1051 3279 et
1066 3214 1101 3278 in
1117 3214 1195 3280 ludo

223 3325 400 3389 tractanda
424 3323 512 3388 domi
535 3327 613 3389 ante
638 3324 754 3388 sedulo
779 3323 991 3387 meditentur.

616 3573 714 3639 XVII.

215 3713 410 3786 Probatos
434 3714 645 3804 magistros
667 3714 730 3783 vel
752 3712 951 3785 laborioso
975 3713 1115 3785 itinere

477 3821 738 3911 requirendos
763 3841 860 3892 esse.

160 3987 173 4050 1
224 3985 361 4051 Probati
386 3985 534 4068 magistri
557 3987 684 4069 perrari
708 3988 786 4050 sunt
809 3983 951 4067 ideoque
975 4005 1105 4050 summa
1121 3984 1196 4051 dili-

224 4093 334 4176 gentia
351 4093 550 4175 requirendi.
585 4092 679 4170 „Non
695 4098 728 4157 te
744 4091 885 4174 pigeat,“
905 4093 1058 4156 Socrates
1075 4093 1195 4176 inquit,

227 4200 378 4283 „longum
396 4200 504 4265 facere
517 4199 579 4263 iter
592 4200 633 4264 ad
647 4219 713 4277 eoa,
730 4199 787 4282 qui
800 4198 1007 4264 conducibile
1021 4219 1056 4263 se
1070 4199 1196 4282 aliquid
