2632 4718
556 644 774 719 ..65-

124 832 170 893 60
239 829 343 895 Cuius
365 829 420 895 vel
444 848 576 895 summo
599 833 678 895 sunt
701 828 738 895 in
760 831 888 897 honore
912 830 999 895 libri.

194 936 287 1001 Felix
311 934 499 1018 discipulus
522 935 582 1001 tali
607 937 780 1002 erudiente
802 936 970 1020 magistro,

240 1042 412 1126 Discipulo
435 1041 495 1108 tali
519 1042 635 1107 doctor
657 1042 776 1108 alacris
800 1046 881 1108 erat.

195 1149 381 1215 Aeternum
404 1152 577 1232 tamquam
602 1149 719 1215 stellae
742 1149 930 1232 praefulget
953 1154 1095 1233 uterque

240 1255 351 1322 l'ictor
373 1259 409 1321 et
431 1255 467 1321 in
491 1256 583 1323 coelo
607 1256 724 1321 laurea
746 1259 837 1322 serta
860 1256 953 1339 gerit.

125 1364 170 1427 65
196 1362 266 1427 Nec
288 1364 366 1446 pius
389 1362 550 1428 Albertus
573 1363 682 1428 solum
704 1362 896 1445 praesentia
920 1363 1002 1428 fovit

239 1469 381 1534 Saecula
404 1469 574 1534 doctrinae
598 1468 771 1534 fertilitate
795 1488 886 1546 suae,

196 1576 318 1640 Verum
342 1577 446 1641 etiam
468 1575 573 1642 voluit
597 1577 787 1641 consultum
810 1575 1005 1658 posteritati,

240 1682 284 1746 Ul
307 1685 467 1766 caperent
490 1684 615 1748 rectam
638 1682 749 1748 saecla
772 1681 886 1747 futura
910 1683 1007 1747 riam.

196 1787 340 1852 Protulit
364 1788 490 1871 ingenii
515 1787 617 1854 libros
641 1776 860 1854 monumenta
882 1789 1028 1872 benigni,

128 1895 174 1958 70
242 1894 290 1958 Ex
313 1893 436 1977 quibus
460 1895 615 1960 hauritur
638 1898 753 1960 nectar
776 1898 808 1959 et
833 1895 1010 1960 ambrosia.

194 1998 408 2085 Chrysippil)
429 1999 465 2064 in
489 2000 604 2083 logicis
627 2000 781 2066 mirabile
804 2002 884 2066 vicit
907 2022 1048 2066 acumen

238 2106 343 2190 Inque
367 2107 604 2173 mathematica
626 2107 750 2172 nobilis
774 2110 845 2172 arte
869 2106 942 2173 fuit.

194 2211 388 2278 Nicomachi
414 2217 493 2279 nato
520 2250 557 2261 -
584 2233 644 2278 cur
667 2214 753 2278 nolis
777 2215 936 2280 credere?
961 2253 1003 2261 —
1028 2216 1131 2279 maior

240 2318 368 2384 Diffusa
392 2338 503 2384 rerum
527 2319 716 2403 cognitione
740 2319 812 2385 fuit.

128 2425 170 2488 75
195 2425 342 2491 Naturas
367 2446 486 2509 magno
510 2446 622 2492 rerum
646 2429 817 2492 scrutatus
841 2447 953 2492 amore

240 2531 404 2615 Exposuit
427 2533 529 2597 variis
552 2552 640 2615 quae
663 2533 791 2598 latuere
816 2533 906 2598 locis
1026 2522 1029 2531 ¹

195 2637 366 2703 Tractarit
387 2638 475 2704 vasti
500 2639 661 2722 genitalia
684 2637 814 2705 semina
838 2640 963 2714 mundi,

240 2744 340 2826 Ignis,
363 2743 463 2810 inane
487 2745 608 2829 quibus
632 2745 704 2810 sint·
723 2763 820 2827 aqua,
844 2748 933 2810 terra
956 2746 1072 2811 modis.

194 2849 288 2927 Quae
311 2870 411 2928 mare,
436 2871 522 2935 quae
546 2851 647 2916 silvas
670 2853 823 2917 habitent
847 2851 1012 2926 animalia,
1038 2852 1182 2934 scripsit,

126 2957 171 3021 80
240 2956 283 3020 Ut
307 2957 435 3023 lateant
457 2957 552 3023 venis
576 2958 689 3024 clausa
711 2959 847 3023 metalla
870 2958 949 3023 suis.

193 3061 318 3128 Aeolus
341 3064 446 3130 iratos
470 3062 580 3129 mittat
605 3085 671 3147 quo
696 3084 827 3129 carcere
852 3068 980 3138 ventos,

239 3168 336 3234 Unde
359 3171 614 3249 tremattelluS,
639 3171 728 3235 unde
752 3174 916 3236 tumescat
941 3191 1037 3253 aqua.

194 3273 283 3352 Quid
306 3278 441 3358 generet
464 3277 580 3354 nubes,
605 3296 723 3340 saeros
747 3275 827 3358 quid
851 3276 1000 3341 fulminis
1025 3277 1128 3359 ignea,

238 3381 373 3447 Semine
397 3403 465 3466 quo
489 3383 626 3448 veniant
651 3384 787 3465 grand0,
811 3383 942 3466 pruina,
967 3383 1070 3448 uires,

127 3488 170 3551 85
194 3487 283 3565 Quid
307 3488 407 3554 terris
431 3489 494 3554 diri
519 3491 698 3572 portendat
722 3489 829 3554 cauda
853 3493 1011 3564 cometae,

238 3595 336 3673 Quali
361 3595 518 3661 deficiant
542 3597 667 3679 Solque
692 3616 852 3678 sororque
876 3597 985 3661 modo.

193 3699 308 3765 Ardua
331 3702 415 3786 quin
438 3702 540 3768 otiam
564 3702 743 3786 descripsit
767 3703 878 3768 sidera
901 3702 993 3775 coeli,

238 3807 313 3872 Non
337 3809 493 3874 dubitans
518 3809 624 3874 celsos
648 3810 783 3891 tangere
808 3810 919 3872 mente
943 3809 1047 3891 polos.

194 3912 351 3997 Despexit
374 3918 482 3980 terrae
507 3934 603 3980 curas
627 3918 659 3979 et
683 3914 799 3980 nubila
822 3913 947 3992 mundi,

127 4018 171 4081 90
238 4020 384 4086 Naturae
408 4039 538 4102 ponens
562 4019 802 4101 excutiensque
826 4020 927 4084 vices

194 4124 298 4191 Maius
321 4146 406 4209 opus
430 4128 567 4192 rolvens
591 4128 702 4191 animo
727 4125 882 4190 lustravit
904 4125 1092 4208 Olympum,

237 4232 423 4316 Spirituum
448 4232 560 4297 docuit
586 4233 629 4296 sit
652 4236 774 4315 quotus
799 4232 881 4297 ordo
905 4231 967 4296 dei.

980 4342 997 4402 5
