2632 4718
494 738 537 750 -
585 705 646 768 119
682 715 737 750 '—-
858 745 863 757 ·

576 879 660 944 XIV.

479 1018 543 1089 Ad
566 1019 748 1089 eundem.

262 1143 323 1214 De
345 1143 462 1215 bonis
486 1147 527 1214 et
550 1143 738 1214 felicitate
761 1145 818 1233 pii
841 1145 972 1215 animi.

103 1311 117 1372 1
144 1306 274 1372 Eximio
298 1309 473 1388 praestans
496 1305 622 1369 Christi
647 1306 772 1388 pietate
797 1307 961 1383 sacerdos,

193 1413 259 1478 Pro
283 1431 402 1495 magno
426 1411 593 1476 modicum
618 1405 756 1476 munere
780 1433 914 1477 carmen
939 1414 1040 1478 babo!

147 1519 312 1584 Concinat
334 1518 528 1602 imprudens
552 1518 741 1600 Ephyream
766 1518 905 1604 Laida¹)
929 1520 1056 1602 vulgus,

190 1626 380 1690 lnllammet
403 1645 560 1690 numeros
586 1624 783 1706 Phyllidis2)
808 1627 884 1708 igne
909 1646 980 1702 suo,

102 1735 121 1798 5
147 1732 248 1797 Nulla
270 1733 383 1796 Venus
407 1732 504 1796 nobis
528 1732 646 1796 merito
672 1732 838 1796 laudanda
860 1731 1002 1809 ridetur,

191 1839 242 1903 Sit
264 1837 382 1921 procul
405 1837 482 1901 hino
507 1837 682 1920 Phrynen,
707 1836 752 1902 sit
775 1837 975 1923 Galatheal)
998 1838 1123 1920 procul.

147 1945 267 2010 Felicis
289 1944 397 2009 varias
421 1945 552 2010 animae
575 1944 800 2027 perstringere
823 1945 939 2010 laudes

193 2051 374 2135 Aspirante
399 2051 451 2115 dei
477 2050 700 2134 prosperitate
723 2070 815 2133 paro.

148 2157 245 2223 Acris
268 2157 451 2223 Alexandri
474 2157 610 2240 stupido
633 2156 836 2238 Babylonius
860 2157 939 2221 olirn

83 2268 125 2331 10
193 2262 382 2346 Magnificus
405 2264 551 2347 populus
574 2267 710 2346 pectore
735 2264 817 2328 vidit
841 2283 932 2346 opes.

147 2371 231 2436 Cum
255 2373 407 2453 peterent
433 2369 554 2434 celebri
578 2369 742 2452 Capitolia
766 2370 855 2434 eelsa
878 2369 1059 2451 triumpho,

191 2477 348 2560 Suspexit
371 2478 478 2542 claros
502 2496 604 2541 aurea
628 2477 737 2541 Roma
760 2477 872 2541 duces

146 2585 215 2650 Sed
237 2584 501 2649 contemnendos
525 2582 617 2648 rudis
642 2582 802 2648 emiratur
826 2584 969 2647 honores

192 2690 312 2755 Plebes
335 2692 370 2755 et
393 2690 503 2771 magni
528 2688 744 2774 despicienda
768 2688 854 2755 facil.

84 2799 121 2865 15
147 2797 265 2862 Infelix
288 2797 391 2862 animi
415 2796 520 2880 siquis
545 2796 721 2861 violentius
745 2816 850 2860 unum

192 2904 291 2969 Forte
316 2903 424 2969 virum
448 2903 575 2967 invadit
599 2903 861 2985 vulneribusque
890 2904 994 2979 necat,

147 3011 246 3075 Illum
270 3009 483 3094 persequitur
506 3009 650 3093 populus
674 3008 861 3091 capitaliter
884 3008 1001 3084 omnis,

191 3115 364 3182 carnificis
388 3117 506 3198 eaptus
531 3115 679 3180 caeditur
703 3115 759 3180 ille
783 3136 896 3180 manu.

147 3222 212 3302 Qui
235 3243 313 3288 vero
337 3223 463 3306 passim
488 3223 575 3288 serro
598 3222 801 3287 furibundus
825 3226 859 3286 et
883 3222 949 3305 igni

80 3331 124 3395 20
192 3331 359 3395 Innocuae
382 3330 492 3412 gentis
516 3330 742 3413 depopulatur
766 3349 870 3411 agros,

148 3436 294 3501 Humani
317 3436 446 3519 generis
471 3438 528 3518 qui
553 3436 657 3501 millia
680 3437 786 3500 multa
808 3434 963 3511 trucidat,

191 3543 450 3626 Sanguineoque
473 3543 563 3625 piam
588 3543 724 3606 llumine
749 3543 859 3607 foedat
884 3543 1022 3605 humum

148 3650 191 3713 Et
214 3651 300 3714 bene
325 3650 468 3714 munitas
491 3648 613 3713 evertit
635 3648 786 3712 funditus
810 3649 910 3712 urbes

192 3756 432 3838 Exaeqnatque
456 3755 548 3838 putri
572 3753 705 3819 moenia
728 3755 817 3819 celsa
840 3756 920 3828 solo,

82 3864 122 3926 25
147 3863 245 3927 Hunc
269 3864 370 3927 heroa
392 3864 522 3941 vocant,
546 3862 666 3943 amplis
691 3863 780 3926 hune
805 3861 957 3925 laudibus
981 3881 1095 3925 ornnes

191 3970 352 4034 Certatim
376 3971 535 4033 decorant
558 3970 756 4052 egregieque
779 3969 904 4034 uolunt.

147 4075 203 4140 Sic
227 4075 365 4140 miseros
390 4074 541 4139 homines
564 4075 703 4139 involvit
726 4074 861 4139 nubilus
885 4094 986 4150 error,

191 4181 245 4246 Sic
269 4183 352 4246 nibil
375 4181 410 4245 in
434 4184 503 4247 toto
526 4185 661 4264 pectore
687 4183 769 4246 lucis
795 4183 929 4261 babent,

148 4288 192 4352 Ut
215 4289 331 4354 sceleri
356 4287 507 4353 lribuant
530 4288 661 4353 virtutis
685 4288 833 4371 praemia
856 4308 996 4367 summo,
