2632 4718
612 769 704 822 2XXV

204 1014 429 1104 Epilogus
452 1015 550 1085 sive
573 1016 795 1104 repetitio
818 1015 970 1085 totius
992 1015 1124 1085 Valli.

221 1160 367 1222 Decurso
406 1159 506 1240 igilur
534 1159 658 1223 laboris
694 1159 799 1224 nostri
835 1160 944 1241 spatio
979 1161 1070 1224 brevi
1107 1179 1196 1224 nunc

130 1264 334 1345 repetitione
352 1264 610 1347 disputationem
634 1266 720 1329 hanc
736 1266 990 1330 concludamus!
1026 1264 1109 1328 Cum
1133 1265 1196 1330 ita-

128 1389 208 1452 que,
234 1374 270 1435 ut
294 1372 450 1452 superius
466 1369 684 1447 ostendimus,
709 1371 858 1436 studium
874 1371 1092 1436 humanitatis
1115 1371 1197 1435 libe-

126 1476 250 1540 ralium
279 1477 403 1541 artium
435 1477 480 1540 sit
508 1479 541 1540 et
572 1477 677 1540 multa
705 1478 739 1540 in
768 1477 824 1542 illo
853 1496 919 1540 non
951 1477 1045 1541 utilia
1077 1478 1195 1558 solum,

126 1582 190 1646 sed
222 1581 323 1646 etiam
363 1583 551 1646 necessaria
590 1583 723 1664 cognitu
759 1584 811 1647 vel
846 1584 888 1647 ad
923 1583 1049 1646 litteras
1085 1601 1197 1646 sacras

126 1687 363 1769 intelligendas
388 1687 590 1765 habeantur,
622 1708 765 1770 cumque
794 1688 891 1752 ineo
916 1688 1026 1753 studio
1050 1689 1112 1752 riri
1136 1689 1195 1750 ho-

126 1794 219 1857 nesti
247 1796 349 1877 atque
382 1795 464 1858 adeo
500 1794 608 1858 sancti
644 1793 745 1858 etiam
780 1815 887 1877 paene
924 1794 1196 1876 innumerabiles,

126 1919 272 1981 quorum
303 1919 372 1963 non
404 1917 529 1979 paucos
566 1899 760 1965 nominatim
795 1920 898 1983 supra
933 1900 1195 1983 percensuimus,

127 2005 329 2083 claruerint,
364 2005 657 2088 eloquentiamque
687 2006 879 2070 discendam
909 2008 942 2070 et
977 2004 1093 2069 utilem
1122 2025 1195 2069 esse
1274 2058 1279 2067 .

128 2111 348 2190 Hieronymi,
373 2111 570 2192 Augustini,
600 2116 777 2193 praeterea
799 2111 1038 2194 imperatorum
1061 2110 1195 2175 eviden-

126 2217 267 2281 tissimis
299 2217 515 2295 testimoniis,
544 2217 646 2280 immo
675 2217 964 2283 adhortationibus
999 2216 1196 2298 comproba·

128 2324 201 2386 tum
225 2324 279 2397 sit,
312 2325 547 2406 oratoremque
577 2343 661 2400 non,
694 2328 732 2388 ut
760 2325 846 2387 male
873 2323 1061 2388 coniectent
1090 2323 1195 2387 nostri

130 2429 329 2507 adversarii,
355 2430 440 2494 velle
464 2432 596 2494 tantum
620 2430 705 2493 scire
728 2429 849 2508 videri,
878 2430 937 2494 sed
960 2450 1012 2494 res
1037 2428 1195 2511 plurimas

128 2538 163 2599 et
194 2535 436 2616 pulcherrimas
467 2535 552 2600 scire
583 2535 775 2617 bonumque
802 2537 910 2600 virum
939 2556 1012 2600 esse
1039 2537 1195 2616 oportere

129 2640 256 2704 eisdem
282 2642 439 2715 testibus,
463 2641 649 2723 Augustino
673 2644 705 2705 et
729 2641 934 2723 Hieronymo
959 2662 996 2706 ac
1021 2644 1195 2723 praeterea

128 2747 273 2826 Catone,
304 2749 344 2811 M.
370 2748 496 2827 Tulli0,
528 2748 750 2826 Quintiliano,
783 2747 941 2822 Boethio,
972 2749 1194 2811 monstratum
1254 2790 1258 2797 ·

128 2852 188 2931 sit3
217 2873 351 2917 carmen
376 2872 508 2935 quoque
533 2873 600 2918 non
624 2854 732 2919 solum
761 2855 866 2918 nostri
892 2853 1124 2931 ecclesiastici,
1155 2874 1194 2917 ex

127 2957 247 3040 eisque
269 2959 422 3041 plerique
447 2959 605 3042 episcopi,
632 2963 668 3023 ut
685 2959 844 3035 Hilarius,
869 2959 1079 3037 Ambrosius,
1097 2960 1194 3023 Gela-

127 3064 198 3128 sius
230 3066 262 3128 et
286 3066 449 3129 Damasus
487 3085 575 3148 papa
606 3067 787 3148 pluresque
826 3069 958 3147 praeter
991 3086 1047 3131 eos
1085 3066 1194 3129 adhuc

127 3169 183 3234 alii
209 3171 421 3252 scripserint,
453 3173 513 3236 sed
537 3172 766 3237 Hebraeorum
791 3187 925 3254 quoque
954 3173 1136 3255 prophetae
1160 3175 1194 3236 et

127 3277 242 3357 duces,
267 3277 380 3342 divino
405 3277 508 3342 altlati
525 3279 657 3359 spiritu,
682 3299 721 3342 eo
744 3279 847 3342 ferme
872 3299 987 3344 omues
1011 3279 1054 3342 ad
1075 3277 1194 3343 altiora

127 3381 226 3446 etiam
265 3384 458 3447 coelestium
498 3404 695 3448 arcanorum
743 3385 899 3466 mysteria
938 3385 1102 3466 quaedam
1142 3385 1193 3448 usi

126 3488 344 3553 inveniantur
367 3490 490 3571 potius,
515 3509 615 3573 quam
640 3510 738 3573 prosa
763 3491 927 3571 oratione3
959 3493 993 3555 et
1017 3490 1065 3554 vis
1090 3509 1193 3572 quae-

127 3593 204 3657 dam
240 3594 476 3676 potentissima
504 3597 545 3660 ad
581 3597 761 3678 capiendos
798 3596 1058 3679 retinendosque
1087 3596 1193 3660 homi-

128 3718 208 3762 num
234 3700 372 3765 allectus
397 3701 535 3766 insitio
560 3704 616 3767 illo
634 3705 796 3767 concentu
821 3723 1026 3785 numeroque
1050 3703 1193 3784 poetico,

127 3805 224 3886 longe
254 3827 328 3871 eam
358 3807 464 3890 ipsam
495 3808 594 3873 soluti
623 3809 752 3891 generis
782 3808 963 3874 efficaciam
992 3829 1053 3873 suo
1085 3810 1192 3890 lapsu,

126 3911 195 3974 sive
224 3912 266 3975 ad
301 3913 443 3991 laevam,
474 3915 543 3979 sire
574 3916 686 3996 potius
722 3916 764 3980 ad
795 3916 963 3980 dexteram
995 3914 1193 3994 adhorteris,

126 4019 400 4098 supergrediens3
432 4040 507 4083 cum
540 4024 709 4104 postremo
738 4023 887 4085 omnium
915 4022 1192 4102 prudentissima-

126 4142 199 4186 rum
226 4124 398 4189 nationum
422 4146 565 4191 censura
596 4127 815 4192 humanitatis
844 4131 932 4192 artes
962 4147 1028 4190 non
1060 4129 1192 4192 tantum

126 4247 194 4292 non
226 4231 390 4311 spreverit
414 4232 509 4312 olim,
546 4234 605 4297 sed
635 4233 734 4297 etiam
766 4235 851 4299 ultro
882 4255 920 4299 ac
951 4233 1095 4297 libenter
1118 4253 1191 4297 sus-

126 4335 253 4417 ceperit
276 4337 441 4421 modoque
473 4339 647 4421 suscipiat,
677 4343 708 4405 et
733 4340 948 4406 sacratissimi
971 4341 1191 4422 imperatores
