2790 4366
502 323 723 392 ..65-

193 503 457 586 elocutionisque
495 505 674 586 praecepta
721 504 909 569 tradidisse.
972 505 1146 572 Iudicabat

189 610 279 672 enim
308 611 544 692 philosophum
580 611 767 690 hominem,
802 611 865 674 nisi
902 612 1061 694 eloquens
1090 613 1144 693 sit,

187 733 307 796 parurn
330 721 389 780 aut
420 717 520 781 etiam
550 717 632 780 nihil
657 719 698 781 ab
728 737 766 781 eo
796 717 946 798 differre,
970 717 1039 800 qui,
1068 738 1144 783 cum

96 883 99 887 .
189 842 226 884 se
254 821 389 884 divitem
424 821 636 904 profiteatur,
668 827 781 887 tamen
812 824 863 888 vel
897 824 948 886 his
977 823 1143 904 omnibus,

192 929 280 990 quae
315 913 455 974 naturae
492 911 679 976 necessaria
711 915 806 990 sunt,
842 931 909 975 non
945 912 1144 976 mediocrem

188 1015 337 1096 inopiam
361 1017 502 1096 palitiu,
532 1021 564 1080 et
594 1021 685 1081 recte
711 1018 856 1100 quidem.
905 1018 990 1081 Nam
1022 1022 1059 1082 ut
1086 1019 1145 1100 qui

192 1142 228 1185 se
254 1121 390 1185 divitem
416 1125 571 1200 ostentat,
597 1123 625 1186 si
651 1142 759 1205 neque
783 1123 903 1187 fundos
923 1124 1145 1206 amplissimos

194 1247 255 1291 nec
272 1226 462 1308 magnificas
480 1230 578 1292 aedes
595 1231 725 1306 lrabeat,
749 1233 922 1312 praeterea
946 1229 974 1293 si
991 1251 1008 1292 e
1025 1231 1145 1293 calceis

122 1338 135 1368 ’”
192 1333 285 1415 digiti
316 1337 493 1414 erumpant
524 1339 696 1417 totumque
726 1355 847 1418 corpus
877 1335 1012 1400 sordida
1035 1355 1073 1399 ac
1098 1337 1113 1400 l
1131 1375 1145 1386 -

195 1442 341 1503 nestrata
357 1443 449 1502 veste
467 1443 653 1504 contectum
671 1442 724 1518 sit,
750 1442 778 1504 is
804 1461 870 1506 non
892 1442 990 1506 modo
1006 1461 1145 1524 pauper,

193 1547 253 1609 sed
281 1565 405 1626 egenus
442 1547 577 1610 omnino
607 1550 708 1628 alque
747 1548 844 1628 inops
883 1548 1067 1622 deridetur,
1097 1547 1146 1611 sic

192 1650 251 1733 qui
276 1651 391 1714 mundi
417 1671 452 1714 se
470 1651 643 1729 ambitum,
669 1673 779 1716 rerum
800 1672 928 1730 causas,
952 1653 1146 1717 coelestium

193 1759 359 1835 naturam,
392 1758 480 1821 unde
504 1758 671 1838 quaelibet
695 1757 793 1836 fiant,
822 1779 888 1840 quo
913 1763 1026 1836 ruant,
1061 1756 1146 1822 scire

102 1866 146 1927 70
194 1862 387 1943 profitetur,
420 1863 483 1926 nisi
507 1863 667 1928 orationis
692 1885 825 1946 quoque
849 1868 946 1948 copia
973 1869 1145 1946 tamquam

196 1987 277 2031 auro
301 1973 358 2033 aut
389 1989 519 2051 gemma
550 1974 686 2034 exornet
717 1975 750 2034 et
782 1972 926 2034 illustret
950 1972 1146 2050 doctrinam,

193 2076 283 2138 omni
323 2075 462 2140 scientia
501 2075 599 2156 inops
638 2076 743 2141 rideri
783 2079 912 2142 debet.“
975 2077 1147 2140 Hactenus

194 2180 446 2262 Trapeznntius.

555 2429 681 2494 LXl'll.

84 2566 394 2649 ‚‚Alabandicus“
404 2569 817 2652 seu„A1abandiacus“
830 2567 928 2658 quid
943 2568 1146 2656 significet.

285 2729 431 2794 Licinius
461 2732 714 2796 mathematicus
746 2731 829 2794 dixit
856 2730 1048 2794 Alabandes
1073 2729 1147 2812 (qui

198 2836 313 2900 urbem
330 2837 446 2901 ioniae
470 2838 716 2922 inhabitarunt)
739 2837 821 2901 satis
843 2838 958 2900 acutos
975 2837 1017 2900 ad
1032 2855 1147 2900 omnes

196 2963 247 3006 rcs
272 2943 383 3007 civiles
407 2944 544 3024 haberi,
576 2945 633 3008 sed
662 2947 800 3027 propter
823 2961 889 3006 non
919 2961 1074 3023 magnum
1098 2943 1147 3007 vi·

195 3048 276 3113 tium
310 3050 519 3115 indecentiae
549 3051 745 3133 insipientes
782 3071 838 3112 eos
871 3068 943 3111 esse
974 3047 1147 3129 indicetne,

133 3160 150 3220 5
196 3157 285 3236 qnod
320 3155 355 3219 in
396 3157 566 3239 gymnasio
606 3177 721 3220 corum
767 3174 852 3236 quae
890 3157 969 3217 sunt
1007 3156 1148 3234 statuae,

195 3282 310 3326 omncs
334 3267 413 3326 sunt
437 3283 554 3327 causas
578 3267 726 3343 agentes,
749 3261 782 3325 in
808 3261 879 3324 foro
903 3262 1013 3324 autem
1039 3261 1148 3324 discos

196 3372 349 3432 tenentes
384 3371 442 3433 aut
476 3371 648 3432 currentes
682 3371 740 3432 aut
774 3367 842 3448 pila
873 3366 1039 3430 ludentes.
1099 3367 1149 3431 lta

194 3473 352 3538 indecens
376 3475 464 3538 inter
487 3473 635 3538 locorum
659 3473 882 3556 proprietates
906 3473 1014 3534 status
1039 3471 1149 3554 signo-

197 3600 270 3645 rum
287 3581 440 3661 publicae
464 3580 591 3644 civitati
607 3581 725 3644 vitium
745 3576 998 3642 existimationis
1015 3578 1148 3643 adiecit.

117 3689 153 3752 10
198 3686 283 3751 Hinc
309 3687 423 3750 Graeci
452 3685 733 3764 „Alabandicum“
755 3683 823 3748 sire
842 3682 1146 3760 „Alabandiacum“

196 3810 256 3872 pro
286 3792 428 3856 barbaro
464 3793 498 3854 et
532 3791 648 3872 inepto
683 3789 866 3872 accipiunt,
903 3788 940 3850 ut
977 3787 1012 3852 in
1048 3790 1149 3854 Plinii

196 3895 468 3978 castigationibus
493 3897 634 3960 testatur
658 3894 868 3959 Hermolaus.
882 3893 909 3978 ¹)

937 3999 957 4064 5
