2632 4718
494 754 712 829 ..95-

53 948 104 1010 40
179 941 341 1027 Despexit
364 941 476 1010 subito
500 961 585 1008 rana
608 942 776 1008 sodalicia.

129 1050 162 1116 0
187 1051 308 1130 virtus,
331 1053 448 1117 tenero
470 1048 614 1115 multum
637 1048 798 1115 mirabilis
821 1069 914 1130 aero,

179 1157 392 1240 hlaeoniique
414 1156 497 1222 luha
520 1156 784 1221 concelebranda
807 1156 913 1220 senis!

131 1264 255 1341 Qualia
279 1264 343 1329 erit
366 1262 472 1338 miles,
495 1261 572 1327 talis
596 1261 785 1327 tirunculus
809 1261 898 1341 olim,

186 1371 253 1435 Pro
277 1370 361 1433 duce
384 1368 442 1451 qui
467 1369 601 1434 nullum
619 1368 706 1433 ferre
731 1371 861 1432 recusat
885 1388 979 1441 onus

59 1478 106 1541 45
133 1476 204 1554 Qui
228 1476 333 1542 semel
356 1478 531 1557 acceptum
554 1476 707 1558 quamvis
731 1475 765 1538 in
790 1476 896 1539 multa
919 1476 1085 1539 cucullum

182 1583 340 1649 Frustula
363 1582 541 1647 discissum
564 1581 672 1647 noluit
695 1601 827 1647 exuere.

134 1690 215 1754 Non
238 1691 326 1755 hunc
348 1689 492 1755 materni
515 1690 700 1770 potuerunt
723 1689 858 1752 flectere
883 1689 993 1753 vultus

181 1795 379 1874 Blanditiae,
404 1815 471 1859 non
495 1796 583 1860 hunc
607 1814 728 1878 aspera
751 1795 852 1859 rerba
876 1797 991 1875 patris.

137 1902 249 1968 Huius
273 1903 351 1967 dum
375 1905 521 1967 mentem
544 1901 663 1967 iratres
690 1905 880 1983 pervertere
906 1904 1044 1978 tentant,

64 2013 110 2076 50
184 2008 259 2074 Non
281 2008 482 2093 profecturis
506 2008 605 2074 litora
626 2008 736 2074 bobus
759 2011 863 2073 arant.

138 2117 324 2181 Vernantes
346 2116 447 2180 eliam
471 2114 609 2180 iuvenili
634 2117 716 2180 llore
741 2134 872 2181 sorores

181 2222 321 2287 Vincere
345 2240 539 2303 germanum
564 2241 631 2286 non
655 2222 790 2286 valuere
813 2241 920 2298 suurn,

137 2329 291 2411 Namque
314 2328 483 2412 puellares
505 2327 591 2391 inter
615 2331 729 2393 coelus
753 2331 786 2391 et
809 2348 957 2392 amorum

182 2434 340 2520 Carmina
364 2434 494 2525 divinas
518 2434 572 2498 hic
596 2433 774 2498 meditatur
797 2454 889 2516 opes.

64 2547 109 2609 55
138 2542 239 2607 Hunc
263 2542 405 2609 choreae
429 2541 556 2615 nullae,
581 2540 673 2605 nulla
696 2542 785 2604 hunc
810 2541 994 2622 petulantia
1021 2540 1132 2618 morit,

183 2648 259 2713 Non
282 2648 458 2713 titillantes
483 2648 661 2712 edomuere
684 2667 813 2711 manus.

137 2746 282 2819 Delicias
305 2756 425 2832 terrae,
449 2754 507 2836 qui
531 2755 660 2818 coelum
684 2753 815 2835 cogitat,
840 2753 919 2827 odil,

184 2859 376 2926 Contemnit
399 2860 516 2926 mundi
540 2880 624 2925 vana
647 2863 793 2926 tonantis
818 2880 919 2925 amor.

136 2969 225 3032 Dum
249 2965 396 3032 citharae
419 2969 521 3033 cantu
546 2968 665 3049 regalis
688 2967 869 3050 perstrepit
893 2968 978 3045 aula,

64 3077 113 3140 60
179 3073 218 3137 ln
242 3092 418 3139 numerum
441 3073 541 3138 saltat
564 3075 644 3138 dnm
668 3073 858 3138 malesuada
882 3075 1009 3145 cohors,

135 3181 282 3246 Thomas
305 3180 442 3245 coelesti
464 3181 630 3261 quandam
654 3201 806 3244 sermone
831 3200 981 3245 sororum

181 3287 323 3368 Corrigit
346 3290 380 3351 et
403 3290 520 3369 pectus
544 3287 680 3368 virginis
704 3291 775 3352 arte
800 3289 919 3351 moret.

137 3394 245 3471 Quam
269 3393 391 3469 brevis,
415 3394 570 3470 ostendit,
595 3412 692 3475 quarn
718 3393 763 3457 sit
786 3393 922 3457 confusa
947 3394 1099 3475 voluptas

181 3499 348 3583 Corporis,
373 3503 509 3565 aeterno
534 3498 766 3564 discrucianda
789 3499 873 3563 loco.

67 3609 111 3696 ti5
136 3606 198 3671 Illa
221 3606 285 3672 deo
310 3608 457 3671 mentem
481 3626 556 3671 mox
581 3611 615 3670 et
638 3626 699 3670 sua
722 3607 872 3670 membra
896 3606 1025 3681 dicarit,

180 3712 334 3794 Virgineo
359 3712 495 3794 Capuae
519 3733 554 3776 sc
579 3711 672 3777 dedit
696 3712 752 3776 illa
775 3712 886 3777 choro.

135 3819 224 3897 Quid
247 3820 346 3884 modo
362 3838 617 3884 commemorem
635 3818 832 3883 stultissima
850 3820 925 3884 rota
944 3821 1131 3902 parentum,

179 3925 256 4006 Qui,
280 3927 370 4008 quod
394 3927 517 3997 amant,
542 3926 659 3990 nolunt
682 3925 803 4009 pignus
827 3945 938 3990 amare
963 3926 1086 3989 deum?

137 4032 258 4096 Noctes
281 4037 384 4115 atque
409 4032 479 4096 dies
504 4032 627 4096 Christi
654 4033 821 4112 depellere
845 4033 937 4096 culln

70 4139 112 4202 70
180 4139 352 4202 Conantur
376 4140 467 4203 varia
493 4138 734 4220 multiplicique
759 4139 820 4203 ria.

135 4245 314 4321 Quaeritur
347 4283 386 4292 -
412 4268 431 4308 o
463 4245 582 4308 stultos
610 4246 775 4309 hominos!
800 4282 842 4290 —
873 4248 904 4307 cl
934 4264 1069 4327 corpore

796 4355 971 4434 praestans
