2632 4718
629 624 673 644 ...
718 575 760 666 di
806 635 850 646 -

298 775 441 842 Proinde
471 795 585 843 omnes
615 776 708 842 avide
742 775 910 842 discamus
941 779 988 857 et,
1028 778 1066 840 ut
1096 773 1273 860 Flaccus7)

211 884 251 947 75
300 884 466 963 admonet,

302 989 393 1068 „Hoc
410 1011 504 1072 opuS,
521 991 583 1054 hoc
601 990 746 1055 studium
762 990 856 1072 parvi
873 1009 1090 1073 properemus
1106 992 1141 1053 et
1157 989 1272 1072 ampli,

342 1097 378 1161 Si
402 1096 531 1181 patriae
555 1098 719 1179 volumus,
743 1097 771 1161 si
795 1097 891 1162 nobis
914 1097 1025 1162 vivere
1048 1097 1153 1161 cari!“

713 1330 765 1393 Vl.

428 1469 556 1558 Super
578 1469 827 1559 ingeniorum
849 1469 1050 1539 varietate.

244 1653 255 1715 l
306 1650 380 1727 Quo
403 1649 501 1732 igitur
523 1650 621 1715 modo
644 1668 729 1730 puer
753 1649 900 1713 discendi
925 1648 1065 1730 cupidus
1088 1647 1161 1727 flat,
1194 1650 1274 1714 satis

298 1757 424 1821 dictum
447 1776 538 1834 reor3
563 1775 652 1821 nunc
676 1756 718 1820 ad
741 1755 866 1838 ingenii
891 1775 1029 1821 acumen
1050 1757 1271 1820 transeamus!

298 1864 412 1928 Varias
446 1863 528 1928 deus
563 1861 755 1927 hominibus
791 1863 885 1926 dotes
921 1862 1090 1927 distribuit
1122 1863 1273 1944 aliosque

298 1971 373 2034 aliis
397 1970 497 2034 rebus
521 1971 591 2034 vult
615 1970 824 2036 antecellere.
860 1969 946 2034 Hinc
964 1969 1125 2051 quosdam
1143 1968 1273 2053 perspi-

233 2080 252 2139 5
296 2077 424 2142 caciore
470 2077 623 2159 ingenio,
667 2077 855 2160 complures
898 2076 1068 2141 obtusiore
1110 2076 1272 2140 videmus.

299 2185 408 2261 Quam
432 2185 475 2249 ob
498 2203 568 2248 rem
585 2189 618 2249 et
636 2185 731 2248 Plato
740 2184 767 2267 ¹)
791 2183 921 2248 divinus
937 2183 1151 2247 Aristotelem
1168 2185 1273 2255 freno,

299 2291 520 2356 Xenocratem
543 2311 622 2355 vero
646 2290 831 2355 calcaribus
856 2290 1003 2370 indigere
1026 2290 1165 2354 dicebat.
1191 2290 1274 2353 Tra-

300 2400 383 2463 dunt
404 2397 542 2480 physici,
567 2418 605 2461 ex
629 2397 768 2461 diversis
790 2418 890 2461 aurae
908 2398 1124 2479 qualitatibus
1142 2397 1275 2462 diversa

300 2506 434 2588 ingenia
457 2505 645 2588 provenire.
695 2504 788 2568 Unde
812 2508 845 2569 et
870 2503 1022 2589 cicer-02)
1052 2503 1161 2578 refert,
1186 2504 1275 2567 The-

214 2614 254 2677 10
299 2613 405 2676 banos
428 2611 530 2675 fuisse
555 2611 688 2692 ingenio
712 2611 916 2693 pinguiores,
946 2611 1169 2674 Athenienses
1194 2630 1273 2674 vero

299 2717 560 2801 perspicaciores
583 2722 616 2781 et
642 2718 805 2783 acutiores
829 2718 995 2782 exstitisse
1024 2717 1162 2795 idcircO,
1186 2717 1276 2802 ‚quia

299 2844 432 2890 crassus
456 2844 512 2889 aer
536 2828 568 2889 et
593 2825 727 2908 pinguis
755 2829 827 2889 erat
855 2825 994 2899 Thebis,
1023 2825 1166 2888 Athenis
1197 2844 1276 2888 vero

300 2932 406 2998 rarior
437 2936 469 2996 et
499 2931 652 2997 subtilior
681 2933 876 3015 apparebat.
930 2931 1129 2996 Paucissimi
1160 2934 1274 2995 tamen

300 3039 525 3122 reperiuntur,
549 3040 606 3122 qui
631 3044 752 3103 natura
767 3039 929 3103 indociles
946 3039 1023 3103 sint.
1054 3039 1141 3102 Nam
1157 3041 1274 3103 autore

215 3146 253 3211 15
299 3146 439 3229 Fabi03)
465 3145 569 3224 „sicut
593 3166 671 3210 aves
695 3147 738 3210 ad
760 3147 920 3224 rolatum,
955 3146 1032 3228 equi
1063 3146 1105 3209 ad
1128 3164 1274 3224 cursum,

300 3254 342 3317 ad
366 3253 540 3318 saevitiam
563 3253 653 3317 ferae
677 3255 867 3335 gignuntur,
893 3254 939 3317 ita
960 3252 1054 3316 nobis
1071 3252 1208 3333 propria
1225 3256 1275 3315 est

299 3359 420 3424 mentis
459 3359 596 3441 agitatio
635 3363 737 3443 atque
777 3361 951 3425 sollertia.“
1016 3360 1056 3423 Et
1096 3359 1276 3423 Democriti

298 3467 479 3550 prudentia
501 3469 674 3542 monstrat,
699 3470 737 3530 ut
760 3465 969 3551 luvenalis-4)
992 3467 1111 3548 inquit,

303 3574 477 3654 „Summos
501 3594 600 3656 posse
623 3574 711 3639 viros
736 3577 769 3637 et
792 3594 911 3656 magna
936 3574 1086 3656 exempla
1110 3573 1248 3638 daturos

211 3683 255 3747 ΞΟ
343 3682 526 3746 Vervecum
550 3681 584 3744 in
608 3681 716 3764 patria
739 3700 917 3762 crassoque
942 3682 1004 3744 sub
1029 3701 1105 3744 aere
1130 3664 1251 3744 nasci.“

300 3787 476 3853 Germania
493 3789 603 3868 etiam,
628 3788 780 3869 quamvis
797 3790 838 3852 ad
855 3788 1117 3869 septentrionem
1134 3787 1276 3851 maxime

300 3896 455 3970 declinet,
480 3895 681 3960 acutissimis
699 3898 811 3959 tamen
833 3895 975 3975 ingeniis
992 3895 1151 3972 abundat,
1176 3913 1273 3975 quae,

303 4003 331 4066 si
356 4023 375 4067 a
398 4001 543 4085 pueritia
567 4005 657 4066 recte
681 4002 918 4079 educerentur,
943 4002 1030 4065 ritae
1054 4000 1277 4080 frugalitatem

300 4112 333 4174 et
366 4110 472 4174 bonas
505 4112 593 4174 artes
623 4108 858 4189 amplectentia
890 4129 964 4172 cum
998 4109 1152 4188 superbis
1183 4108 1277 4173 ltalis

212 4217 254 4282 25
301 4217 342 4281 de
359 4215 545 4281 litterarum
561 4216 665 4298 gloria
682 4217 810 4279 certare
829 4234 896 4279 non
916 4214 1142 4279 formidarent.
1168 4214 1277 4294 Quod,
