2632 4718
600 715 821 777 ,76-

287 886 459 969 Agricolae
471 888 529 973 12);
553 889 763 974 Faustumr)
787 890 898 954 saecla
921 889 1034 953 lutura
1057 889 1187 952 canent.

178 996 218 1058 55
244 996 335 1072 Quas
359 995 453 1061 dedit
475 995 580 1061 effuso
604 997 705 1061 silvas
729 995 909 1078 subitoque
933 997 1044 1060 furore

287 1101 492 1184 Angelus,¹⁴)
516 1102 663 1167 aeternis
687 1101 844 1167 laudibus
867 1105 958 1168 astra
980 1102 1108 1185 petunt.

243 1206 403 1290 Quisquis
427 1211 517 1274 amat
540 1209 661 1283 Musas,
686 1209 822 1290 longum
845 1207 909 1273 sibi
932 1208 1090 1292 prorogat
1112 1225 1240 1279 aerum,

213 1400 216 1407 .
288 1313 457 1378 Emoritur
479 1314 608 1397 vulgus,
633 1317 740 1380 morte
764 1317 866 1398 poeta
889 1318 991 1379 caret.

193 1423 195 1441 ¹
244 1418 292 1484 Te
300 1439 434 1503 quoque
448 1440 578 1485 summa
590 1423 727 1486 manent
739 1422 876 1486 laudum
889 1419 1077 1504 praeconia,
1085 1415 1241 1500 Langi‚¹⁵)

179 1527 222 1589 60
291 1525 367 1591 Non
390 1530 482 1592 aetas
506 1546 629 1592 nomen
653 1527 778 1592 nesciet
801 1528 868 1592 ulla
892 1531 997 1592 tuum.

246 1631 459 1716 Aequiparas
483 1633 638 1698 Flaccum
662 1634 754 1715 lyrici
778 1632 1003 1699 modulamine
1027 1633 1154 1706 cantus,

290 1738 374 1803 Cum
397 1739 519 1804 Mariae
544 1739 659 1804 laudes
684 1743 717 1804 et
740 1739 795 1822 pia
818 1741 913 1822 gesta
936 1738 1049 1803 refers.

246 1845 399 1910 Delectas
423 1845 514 1911 vario
538 1846 689 1911 studiosa
712 1848 865 1929 poemate
889 1846 989 1910 corda

290 1949 535 2034 Pindaricoque
558 1951 667 2016 crucis
691 1952 839 2017 carmine
862 1970 957 2016 sacra
981 1951 1084 2016 canis.

181 2059 222 2120 65
248 2055 289 2120 Et
314 2056 457 2122 Paulum
480 2058 631 2122 celebras
654 2061 688 2122 et
712 2058 851 2140 mystica
875 2059 962 2122 dona
986 2075 1167 2138 magorum,

295 2163 438 2246 Quoque
461 2164 566 2228 lerum
592 2164 716 2246 repulit
740 2165 862 2229 Nussia
885 2165 990 2228 Marte
1015 2165 1143 2239 ducem,

247 2269 379 2346 Nussia‚
404 2271 493 2351 quod
517 2275 647 2334 veteres
672 2272 783 2335 dixere
808 2271 1000 2347 Novesium,
1024 2270 1157 2335 abunde

292 2376 393 2440 Clara
416 2381 452 2441 ut
476 2376 653 2459 Belgarum
676 2377 805 2441 fortiter
829 2397 921 2442 arma
944 2377 1029 2441 tulit.

246 2480 471 2565 BuschiuS,¹⁶)
494 2482 602 2547 Aonio
627 2483 766 2548 satiatus
790 2487 925 2565 pectora
949 2486 1048 2559 fonte,

181 2589 222 2651 70
290 2587 449 2652 Versibus
473 2591 523 2652 est
547 2589 678 2670 patriae
703 2590 807 2671 gloria
830 2609 949 2672 magna
973 2609 1063 2653 suae.

246 2693 406 2775 Quisquis
430 2698 520 2758 amat
543 2695 664 2770 Musas
690 2696 824 2778 longum
849 2695 913 2759 sibi
937 2698 1093 2777 prorogat
1116 2714 1243 2774 aerum,

291 2798 457 2863 Emoritur
481 2801 606 2881 vulgus,
631 2805 738 2866 morte
761 2805 860 2882 poeta
883 2804 983 2866 caret.

249 2907 363 2986 Perge,
387 2925 514 2989 precor,
539 2906 620 2981 Clio,
645 2908 760 2989 populi
786 2908 848 2972 sub
874 2906 1046 2971 moenibus
1070 2905 1181 2980 huius

291 3011 356 3089 Qui
380 3032 474 3077 sacra
498 3015 609 3077 vestra
633 3014 751 3087 colant,
776 3033 1035 3078 commemorare
1061 3012 1169 3077 viros!

184 3119 224 3182 75
251 3117 395 3182 Nomina
419 3119 470 3183 dic
496 3121 626 3183 tantum
651 3122 850 3201 servatoque
873 3119 990 3184 ordine
1015 3119 1115 3194 nullo,

291 3224 427 3289 Iudiciis
451 3226 519 3290 noli
544 3246 604 3290 nos
628 3245 766 3290 onerare
790 3225 867 3290 tuis.

248 3330 373 3406 Dicere,
397 3350 483 3412 quae
507 3334 679 3413 praestent
701 3331 788 3395 inter
810 3330 958 3395 viventia
982 3331 1092 3406 corda,

293 3437 337 3500 Ut
361 3437 458 3510 nosti,
485 3457 537 3501 res
561 3441 612 3502 est
636 3436 801 3502 invidiosa
824 3436 933 3501 nimie.

248 3541 376 3608 Diffuso
401 3544 465 3608 late
490 3540 888 3626 Tegederus¹⁷)n01nine
912 3544 1009 3605 floret

182 3653 224 3715 80
294 3651 400 3731 Inque
425 3650 618 3714 suburbano
641 3649 789 3714 carmina
813 3668 890 3711 rure
914 3648 1014 3712 canit.

248 3756 375 3831 Clarus,
401 3757 552 3832 loannes,
577 3756 706 3819 cunctis
729 3752 976 3830 memoraberis,
1001 3752 1087 3826 Aeli,

322 3862 525 3944 emporibus,
549 3861 658 3943 legum
682 3857 893 3940 iustitiaeque
917 3858 1029 3922 decus

338 3970 413 4032 etur
435 3969 502 4034 late
526 3968 710 4048 doctusque
733 3962 971 4048 Timannusffi)
995 3965 1147 4038 habetur,

374 4075 476 4140 elebri
500 4075 666 4139 celebrem
690 4072 748 4154 qui
771 4073 864 4135 tenet
887 4070 969 4134 urbe
994 4070 1152 4134 scholam.

376 4178 621 4263 Modersoni,¹⁹)
644 4182 677 4243 te
701 4178 817 4243 dextro
842 4175 965 4240 lumine
991 4176 1149 4240 Phoebus

65 4182 110 4407 Ι
369 4288 448 4371 >icit
472 4291 505 4353 et
528 4285 629 4368 capiti
651 4284 790 4349 frondea
813 4285 902 4347 serta
925 4284 1030 4364 parat.
