2632 4718
603 718 825 793 -4'g-

182 904 226 968 30
293 903 344 967 Ne
367 904 545 986 quisquam
570 905 698 986 patriae
721 907 888 987 praeferat
912 905 1057 970 exilium.

249 1008 355 1074 Nemo
379 1013 566 1087 coronatur,
590 1010 655 1075 nisi
680 1010 738 1094 qui
762 1011 938 1076 certaverit
961 1015 1047 1095 apte,

292 1115 421 1180 Incluta
446 1115 561 1179 victori
584 1117 695 1199 palma
719 1117 832 1182 labore
857 1119 965 1182 datur.

247 1221 415 1286 Adversos
439 1221 517 1284 forti
541 1223 721 1287 toleremus
745 1225 879 1306 pectore
903 1243 1010 1302 casus,

294 1328 362 1391 Nos
387 1328 510 1391 etenim
533 1328 626 1392 coelo
649 1327 798 1410 praemia
821 1349 952 1394 summa
974 1331 1124 1395 manent!

182 1437 223 1498 25
249 1434 295 1497 Ut
319 1433 443 1516 rapidis
467 1433 595 1498 sulrum
619 1437 790 1516 spectatur
813 1435 847 1499 in
871 1435 1004 1518 ignibus
1029 1456 1156 1512 aurum,

294 1539 349 1604 Sic
373 1539 502 1603 miseris
525 1541 675 1622 probitas
700 1541 800 1605 rebus
823 1543 965 1606 adaucta
989 1542 1082 1606 nitet.

607 1773 819 1780 ——--—-—

686 1965 738 2028 IV.

182 2103 246 2172 Ad
272 2102 536 2192 Adelphum¹)
561 2101 858 2191 Oamenensem
881 2102 1078 2172 bonarum
1102 2104 1248 2174 artium

590 2209 832 2298 magistrum.

275 2335 324 2403 In
346 2334 606 2422 praeconium
628 2324 845 2404 inventoris
868 2334 1157 2422 philosophiae.

209 2497 221 2559 1
251 2495 287 2559 Si
312 2498 415 2568 vacat,
441 2497 594 2559 advertas
618 2496 683 2559 huc
707 2496 835 2559 cultum
859 2497 987 2577 pectus
1012 2495 1176 2577 Adolptre,

295 2602 370 2665 Non
395 2622 491 2665 secus
516 2621 553 2664 ac
578 2602 672 2666 fratri
698 2601 799 2665 frater
822 2605 931 2666 amate
956 2602 1050 2666 milri!

252 2707 619 2789 Amphitryoniadem)
644 2708 723 2772 clari
749 2709 898 2771 cecinere
922 2711 1050 2790 poetae,

235 2862 239 2867 .
294 2814 423 2878 lucluta
448 2835 546 2896 quem
570 2813 676 2878 virtus
700 2815 777 2878 hinc
802 2835 903 2897 super
926 2819 1018 2879 astra
1043 2816 1129 2879 tulit.

206 2925 224 2983 5
251 2920 310 2983 lllc
335 2920 435 2994 ferox,
460 2922 567 2985 audax
592 2924 765 3002 serpentes
789 2921 942 2985 contudit
966 2920 1084 2991 infans.

293 3026 422 3092 Atticae
446 3027 583 3090 vincens
607 3030 712 3090 taetra
735 3047 864 3090 venena
887 3028 979 3091 deae.

251 3133 463 3197 Horrendum
487 3133 603 3197 stravit
627 3133 773 3196 Nemeae
797 3133 860 3196 sub
886 3152 967 3213 rupe
992 3134 1131 3207 leonem,

294 3239 493 3322 Arcadicum
518 3241 601 3302 dura
624 3240 726 3302 caede
750 3239 890 3321 peremit
914 3259 1042 3319 aprum.

250 3347 326 3428 Igne
351 3349 581 3409 renascentem
606 3346 732 3409 Lernae
756 3347 957 3428 compescuit
984 3347 1130 3426 hydram,

187 3445 226 3517 10
295 3453 392 3529 Quod
417 3472 483 3516 non
508 3454 601 3515 clava
624 3455 743 3534 potest.
767 3454 830 3515 hoc
854 3456 996 3534 potuere
1021 3453 1116 3515 sacen.

250 3559 362 3622 Aurea
386 3558 569 3622 Maenaliac
595 3558 736 3623 detraxit
759 3578 883 3622 cornua
907 3579 1033 3634 cervae,

294 3663 514 3729 Monstriticas
539 3664 613 3728 telis
637 3664 838 3729 exanimavit
862 3686 948 3730 ares.

250 3771 363 3835 Attica
387 3771 519 3834 sublato
542 3773 675 3852 pacarit
699 3771 848 3853 gramina
872 3774 978 3844 tauro,

295 3876 592 3943 Laomedontiacos
616 3878 793 3960 expoliavit
817 3861 921 3960 apros

187 3988 225 4049 15
251 3985 450 4048 Herculeum
473 3983 556 4047 rasti
581 3984 682 4047 robur
706 4004 841 4049 sensere
866 3986 1034 4066 Gigantes

296 4089 464 4164 Centauri,
490 4089 663 4171 Lapithae,
689 4090 825 4165 Nessus,
850 4091 1005 4166 Amazon,
1031 4091 1126 4170 Eryx.

251 4197 375 4261 Oceani
401 4200 480 4261 nato
506 4195 733 4278 nequidquam
758 4200 886 4261 rertere
911 4199 1049 4262 formam

295 4303 435 4381 Profuit,
462 4306 498 4367 ut
523 4304 644 4366 trunca
668 4304 777 4367 fronte
800 4302 922 4366 subivit
949 4323 1062 4384 aquas.
