2632 4718
557 653 774 727 -81-

240 837 316 904 Hoc
339 837 452 903 studio
476 839 606 905 nullum
629 839 761 923 dignius
784 860 858 906 esse
882 842 1003 925 potest.

146 946 167 1007 ἵ)
192 943 331 1009 Certius
355 946 407 1010 est
430 944 498 1010 lato
521 945 602 1011 nihil
626 949 726 1030 atque
749 947 909 1013 incertius
933 949 1027 1029 hora,

240 1051 308 1115 Vos
332 1051 415 1116 deus
437 1052 517 1117 hinc
540 1071 672 1135 semper
694 1052 892 1137 peruigilare
915 1053 1019 1118 iubet.

194 1155 333 1223 Grande
357 1157 440 1223 nihil
462 1159 599 1242 prodest
621 1178 754 1243 corpus,
778 1159 824 1224 uil
848 1161 955 1241 gralia
977 1159 1112 1239 formae,

241 1263 331 1345 Non,
354 1284 438 1349 quas
461 1264 656 1331 innumeras
680 1266 906 1344 accumulatis
930 1285 1022 1349 opes,

195 1369 269 1434 Nec
292 1390 352 1434 vos
375 1371 554 1456 imperium
577 1373 676 1437 morti
699 1392 762 1437 nec
785 1373 891 1456 gloria
914 1392 1026 1438 rerum

131 1479 171 1539 10
243 1477 422 1543 Gestarum
447 1477 577 1562 eripiet,
602 1497 668 1542 non
691 1498 854 1561 generosa
877 1479 1006 1544 domus.

197 1582 299 1647 Dives
322 1586 473 1666 egestosa
496 1585 544 1650 nil
567 1583 668 1649 distat
692 1585 836 1650 Croesus
860 1585 901 1649 ab
925 1584 977 1649 Iro
988 1584 1031 1670 1);

209 1690 361 1755 Clarus
385 1691 474 1774 apud
499 1690 640 1755 Marium
663 1711 752 1757 nunc
776 1711 911 1774 quoque
935 1691 1029 1756 Sulla
1052 1693 1157 1756 sedet.

199 1796 391 1879 Purpureos
415 1797 531 1863 miscet
554 1797 654 1863 turba
677 1817 754 1863 curn
776 1817 925 1881 paupere
948 1817 1050 1880 reges,

243 1903 381 1969 Pectora
404 1923 480 1968 cum
504 1904 601 1986 vulgo
625 1904 790 1970 nobiliora
813 1904 955 1969 Charon.

130 2013 170 2073 15
196 2008 280 2074 Tam
304 2010 426 2092 gaudet
449 2011 571 2093 cupide
595 2029 718 2093 pueros
742 2009 915 2093 imponere
939 2012 1084 2093 cymbae,

242 2115 349 2193 Quam
373 2115 577 2182 defectorum
600 2115 719 2200 frigida
742 2117 891 2182 membra
914 2136 1042 2181 senum.

196 2221 258 2286 llle
281 2232 342 2286 nec
365 2222 400 2287 in
425 2223 540 2288 doctos
564 2242 660 2287 secus
682 2222 782 2288 irruit
806 2226 906 2306 atque
930 2223 1098 2303 subulcos,

242 2326 324 2393 vilis
348 2348 425 2393 cum
449 2329 524 2394 divo
548 2329 648 2394 cerdo
672 2330 812 2395 Platone
836 2329 930 2394 iacet.

83 2469 86 2473 >
196 2434 383 2512 Quominus
406 2434 554 2500 infernas
578 2456 739 2520 praeceps
762 2435 926 2518 rapereris
950 2436 992 2499 ad
1015 2437 1131 2513 mulas,

126 2543 172 2605 20
242 2540 318 2605 Non
341 2544 375 2606 te
398 2542 568 2607 Musarum
591 2541 685 2619 iuvit,
711 2542 864 2618 Homme,
889 2542 1021 2606 chorus
1046 2610 1051 2619 ,

195 2646 353 2728 Disperiit
376 2666 508 2731 corpus,
532 2648 592 2712 sed
616 2647 697 2713 vivii
720 2649 808 2713 fama
830 2646 1005 2730 perennis;

241 2753 342 2818 Sacra
365 2756 540 2837 poetarum
563 2755 664 2818 corda
687 2753 798 2836 poesis
823 2754 890 2818 alit.

196 2860 353 2941 Orpheus
377 2879 440 2924 nec
463 2859 567 2924 valuit
591 2862 691 2925 cantu
716 2861 894 2925 defendere
919 2868 1068 2939 mortem,

241 2965 348 3049 Impia
371 2967 540 3031 viventum
564 2986 652 3049 quae
675 2971 772 3032 vorat
794 2986 893 3031 omne
917 2987 1033 3048 genus,

128 3074 170 3135 25
196 3071 293 3136 Hane
317 3092 384 3137 non
408 3075 542 3137 aeratae
566 3073 697 3155 fugiunt
721 3092 822 3155 super
846 3093 993 3155 aequora
1017 3094 1127 3148 narce,

242 3178 336 3243 Hauc
360 3179 463 3242 armis
487 3179 581 3261 pellit
606 3198 667 3242 nec
691 3181 926 3261 cataphractus
950 3200 1063 3261 eques

195 3284 286 3348 Ante
311 3285 399 3368 rapit
423 3284 549 3362 crebro,
575 3304 674 3368 quarn
698 3286 823 3349 bellurn
846 3285 993 3350 indicere
1018 3289 1122 3361 curat,

242 3391 312 3454 Hoc
337 3411 404 3456 uno
427 3390 551 3474 subigit
576 3411 635 3456 nos
659 3390 848 3457 meminisse
872 3392 934 3456 sui.

632 3731 685 3794 Vl.

125 3869 187 3938 Do
211 3867 324 3937 obitu
340 3868 502 3939 Ioannis
519 3868 686 3951 Groviil)
709 3869 1048 3951 Monasteriensis,
1072 3868 1193 3939 bona·

277 3994 372 4044 rum
393 3976 539 4045 artium
561 3976 800 4065 professoris
824 3975 1042 4046 clarissimi.

153 4141 165 4199 l
195 4136 223 4200 Ο
248 4137 318 4201 iera
343 4156 442 4212 mors,
467 4137 604 4201 summis
629 4137 770 4201 nimium
795 4157 884 4202 mors
907 4135 1020 4200 invida
1044 4136 1155 4214 robae,

240 4242 373 4319 Quanta
398 4242 523 4307 homiui
550 4243 660 4307 lendis
686 4244 779 4320 retia,
803 4246 883 4324 quot
908 4242 1059 4323 laqueos!

981 4352 999 4412 6
