2632 4718
607 554 827 617 ..40..

279 748 364 809 eam,
390 748 464 794 cum
487 730 633 812 primum
653 730 740 795 iuste
756 731 892 813 poteris,
916 733 1043 798 mutato
1061 734 1093 797 et
1108 730 1254 812 interim,

277 837 356 900 dum
379 835 590 916 remanseris,
614 837 865 920 diligentissime
887 842 921 904 te
943 838 1065 903 ariliis
1081 840 1253 904 continete

276 962 444 1026 saepeque
467 943 532 1008 alio
555 945 597 1009 ad
620 944 785 1010 studiosos
810 946 1054 1029 condiscipulos
1084 945 1250 1011 divertite.

685 1174 757 1239 XII.

523 1314 583 1383 De
605 1314 798 1402 temporis
822 1314 912 1385 otio.

276 1476 421 1553 Quidam
445 1479 599 1540 naturam
623 1496 797 1541 accusasse
822 1478 1023 1558 produntur,
1049 1479 1150 1559 quod,
1175 1497 1253 1543 curn

277 1582 503 1664 serpentibus,
528 1583 728 1657 cornicibus
758 1583 873 1663 cervis,
899 1583 1084 1666 elephantis
1108 1585 1252 1666 aliisque

276 1689 311 1753 id
344 1709 449 1772 genus
483 1689 682 1755 animalibus
713 1690 939 1774 longissimam
975 1691 1075 1756 ritarn
1110 1693 1251 1771 dederit,

277 1795 412 1874 bomini,
437 1797 491 1861 cui
515 1797 665 1862 discendi
688 1798 855 1881 cupiditas
883 1798 1033 1881 ingenita
1060 1803 1094 1864 et
1118 1799 1176 1881 qui
1201 1800 1253 1863 di-

209 1905 228 1967 5
269 1903 423 1969 rinarum
453 1924 566 1969 rerum
597 1924 701 1988 capax
730 1906 790 1981 sit,
826 1925 892 1968 non
926 1906 989 1969 nisi
1019 1906 1282 1970 brevissimum

275 2010 362 2075 ritae
379 2012 524 2093 spatium
538 2013 749 2077 concesserit.
761 2011 787 2097 ¹)
810 2014 876 2077 Sed
892 2012 1041 2093 prolecto
1057 2013 1251 2095 gravissime

276 2122 471 2182 erraverunt
487 2118 545 2195 illi,
570 2122 607 2184 ut
624 2119 680 2202 qui
698 2120 795 2184 deum
813 2121 847 2183 et
864 2120 1029 2184 humanae
1046 2121 1248 2185 conditionis

277 2225 377 2290 finem
407 2227 607 2308 ignorarent.
660 2227 693 2292 Si
722 2247 932 2291 communem
964 2231 1099 2293 nostrae
1131 2231 1252 2293 aetatis

277 2335 459 2399 terminum
483 2336 648 2417 attingere
673 2336 781 2415 delur,
806 2336 833 2398 si
859 2355 919 2399 nec
943 2337 1086 2400 sordidis
1111 2337 1252 2418 negotiis

190 2443 231 2505 lO
276 2442 485 2524 implicemur
524 2462 583 2505 nec
622 2443 778 2506 inanibus
818 2447 852 2506 et
890 2442 1110 2523 frigidissimis
1151 2445 1252 2507 rebus

275 2549 522 2630 tempusculum
546 2552 708 2626 teramus,
741 2550 800 2613 sed
828 2550 861 2613 id
891 2552 978 2613 recte
1010 2550 1106 2613 bonis
1131 2551 1251 2615 studiis

275 2655 525 2737 impertiamur,
561 2656 644 2721 nihil
674 2657 741 2734 est,
778 2657 866 2738 quod
898 2658 938 2720 dc
968 2658 1055 2721 ritae
1086 2658 1250 2722 brevitate

275 2782 518 2845 conqueramur
543 2763 689 2845 satisque
715 2763 874 2846 temporis
898 2765 940 2826 ad
965 2765 1168 2829 studendum
1191 2765 1250 2829 ba-

276 2870 439 2947 bebimus,
463 2870 490 2932 si
515 2869 621 2934 virum
646 2870 867 2935 clarissimum
891 2870 1036 2934 Plinium
1058 2872 1251 2935 Secundum

193 2979 230 3041 15
279 2975 493 3054 imitabimur,
524 2976 580 3058 qui
605 2978 714 3058 perire
738 2996 836 3041 omne
861 2979 993 3058 tempus
1017 2976 1251 3055 arbitrabatur,

278 3084 368 3166 quod
400 3084 519 3148 studiis
550 3104 618 3147 non
652 3084 913 3164 impenderetur.
966 3084 1030 3160 Qui
1063 3084 1252 3165 parcissimi

277 3191 384 3254 somni
409 3191 509 3254 etiam
534 3210 655 3255 coenae
679 3194 840 3273 tempore,
866 3210 931 3273 qua
955 3191 1115 3255 maximae
1141 3194 1252 3274 fruga-

279 3296 380 3361 litatis
404 3299 578 3377 utebatur,
612 3302 645 3362 et
674 3300 709 3362 in
739 3298 858 3362 itinere
886 3298 1020 3361 studere
1045 3317 1112 3360 nou
1136 3318 1254 3380 super-

276 3405 425 3469 sedebat.
474 3404 556 3469 Cato
581 3425 715 3489 quoque
747 3406 890 3483 interea,
925 3404 1002 3467 dum
1032 3408 1168 3469 senalus
1199 3426 1253 3470 co-

187 3516 232 3576 eu
276 3516 421 3594 geretur,
447 3511 597 3577 lectitare
620 3512 656 3576 in
680 3512 771 3576 curia
802 3511 902 3576 libros
932 3511 1091 3592 frequens
1116 3512 1253 3590 solebat,

278 3620 366 3683 unde
381 3619 537 3684 nimirum
550 3619 584 3682 iu
598 3640 667 3683 rem
679 3621 889 3701 praesentem
908 3621 940 3681 et
957 3619 992 3681 in
1009 3638 1106 3682 omne
1123 3621 1255 3701 tempus

279 3726 497 3791 saluberrima
529 3725 655 3809 patriae
687 3725 826 3789 consilia
859 3725 1015 3789 dictabat.
1064 3725 1253 3789 Alexander

276 3833 331 3896 ille
367 3854 424 3897 rex
459 3835 676 3897 Macedonum
714 3853 778 3897 non
814 3835 924 3896 minus
957 3833 1114 3915 imperio,
1152 3852 1253 3913 quam

277 3944 493 4022 cognomento
518 3961 667 4022 magnus
692 3941 867 4004 incastris
893 3941 1042 4005 lectitare
1067 3941 1253 4022 plurimum

188 4051 229 4113 *25
276 4049 413 4112 solebat.
444 4047 551 4112 Julius
569 4050 701 4126 Caesar,
727 4048 782 4130 qui
801 4047 895 4111 nubis
913 4049 1103 4111 Romanum
1121 4047 1252 4127 peperit

269 4153 1256 4239 imper·iu1n,cumexe1·cituproficiscenslibrosscriptilabat.
