2632 4718
557 702 756 767 ..4-

176 967 265 1031 Pura
289 967 331 1031 sil
357 971 387 1031 el
413 986 488 1049 puer
498 967 537 1031 is.
585 969 619 1032 Si
643 969 738 1033 robis
762 990 829 1034 non
853 969 948 1054 sapil‚
972 971 1019 1036 ile

234 1074 372 1137 Conlnrn
398 1075 512 1138 aliani!
538 1075 652 1157 Saplal
676 1080 787 1141 reslra
811 1077 918 1142 farina
941 1079 1039 1143 bene.

171 1181 247 1244 Non
270 1180 382 1246 inirila
406 1182 540 1263 placent
566 1182 736 1264 praedulci
762 1184 893 1249 mucida
918 1183 995 1248 laeli

234 1287 408 1367 Fruslula3
432 1288 576 1352 caerulei
601 1287 764 1371 fragmina
787 1289 885 1373 panis
908 1291 1009 1356 olenl.

127 1445 154 1507 dr
179 1443 392 1514 Gervasius
408 1443 611 1532 Sopherus
627 1445 917 1528 Brisacensisu
934 1447 1044 1536 apud
1059 1447 1196 1518 nobile

159 1549 420 1638 Brisacogeae
444 1550 681 1640 Friburgum
703 1571 920 1640 puerorum
942 1552 1160 1636 institutor,

319 1655 582 1726 scholasticae
604 1658 801 1728 iuventuti
824 1658 861 1729 S.
885 1659 926 1728 P.
950 1659 997 1729 D.

218 1783 338 1847 Scribil
356 1785 389 1847 in
407 1785 614 1864 praefalinue
631 1804 709 1849 suae
723 1785 955 1868 grarnmalirae
968 1787 1195 1852 inslilulionis

127 1890 242 1954 Aelius
267 1889 433 1953 Aulonius
458 1890 732 1970 nebrissensisu,
768 1892 1062 1974 grammaticorum
1087 1893 1195 1959 nostri

127 1996 286 2079 temporis
311 1997 419 2080 alpha,
447 1997 493 2061 rir
518 1998 740 2080 undecunque
754 1999 967 2064 doctissimus
991 2019 1029 2065 ao
1053 2020 1094 2064 ex
1117 2020 1195 2066 asse

131 2104 287 2178 diserluS,
323 2104 511 2168 habendam
537 2125 610 2168 esse
635 2106 807 2179 ralinnenr,
841 2108 878 2169 ul
902 2126 988 2187 quae
1013 2126 1196 2188 puerorum

128 2211 307 2275 erudiiinni
327 2209 452 2291 scripta
476 2210 552 2288 sini,
577 2231 616 2274 ea
634 2213 767 2292 quidern
785 2213 851 2275 siul
869 2213 1126 2296 simplicissima,
1152 2234 1195 2280 ne

127 2319 223 2399 quasi
247 2317 397 2383 riburunr
411 2317 631 2382 redundantia
654 2320 835 2399 slornanlro‚
860 2321 909 2383 sie
933 2324 1195 2403 praeceptorum

130 2425 270 2490 varietas
306 2425 436 2488 illorum
473 2424 605 2506 ingenio
642 2426 822 2489 lurnullurn
847 2425 956 2490 lacial.
1005 2427 1089 2491 Curn
1114 2448 1195 2494 rero

128 2534 193 2596 iarn
219 2531 253 2595 iu
278 2531 395 2596 lilleris
419 2531 661 2613 aliquanlulum
688 2535 852 2614 progressi
878 2534 954 2605 sint,
991 2533 1087 2616 quasi
1113 2535 1196 2599 soli-

128 2640 253 2702 (liororn
272 2639 437 2720 quendam
455 2640 784 2721 numerosioremquo
801 2640 912 2703 eibum
937 2661 1009 2704 esso
1032 2640 1098 2704 illis
1117 2661 1196 2722 por-

128 2745 309 2827 rigendum.
337 2749 372 2808 ul
397 2765 464 2808 non
481 2746 578 2808 unuln
596 2746 645 2809 lac
663 2747 987 2829 pulparnenlurnque
1005 2748 1194 2829 degustent,

126 2871 241 2915 rerum
278 2853 377 2915 eliani
413 2871 488 2915 ossa
524 2872 712 2935 nervosque
748 2853 877 2934 possinl
908 2855 1080 2918 obrodere.
1130 2855 1193 2919 Cui

128 2958 262 3040 quidem
287 2978 448 3040 perquarn
485 2959 662 3040 graplricae
698 2962 883 3024 senlenliae
919 2961 1033 3024 album
1066 2961 1194 3025 addens

127 3065 290 3129 calculum
307 3066 451 3129 loannes
476 3067 531 3130 ille
559 3067 765 3130 llurrnellius
795 3067 1093 3143 llurnrnundensis,
1118 3087 1193 3132 curn

127 3173 212 3236 inler
228 3172 449 3236 humanarum
470 3173 657 3237 lillerarurn
672 3175 876 3254 professores
900 3175 950 3238 rir
975 3194 1042 3239 non
1065 3179 1194 3257 poslre-

128 3299 203 3343 mae
228 3280 337 3355 nolae,
373 3281 443 3342 lurn
468 3279 677 3360 polilioribus
707 3280 826 3344 lilleris
852 3281 1052 3363 ampliandis
1077 3284 1110 3345 el
1133 3282 1193 3345 ad-

128 3385 292 3449 iuvandae
317 3385 486 3449 studiosae
510 3387 673 3450 iurenluli
700 3391 796 3451 nalns
821 3388 930 3463 lrorn0,
967 3389 1028 3452 hoo
1065 3391 1101 3451 ul
1126 3389 1193 3452 uli-

129 3491 294 3556 lissinnnn
330 3493 376 3556 ila
412 3513 545 3575 quoque
569 3494 829 3574 pulcherrimum
855 3494 1067 3559 concinnavit
1090 3514 1193 3577 opus-

130 3600 240 3664 eulurn
259 3599 388 3662 (lecenli
409 3601 543 3682 Poppae
568 3600 666 3664 lilulo
683 3600 893 3683 inseriplnrn.
920 3605 954 3665 nl
973 3601 1062 3683 qnod
1080 3601 1193 3683 pueris

128 3709 161 3770 el
186 3706 324 3770 nulibus
349 3707 383 3769 in
408 3707 519 3771 sludio
544 3707 729 3771 lillerarnrn
754 3709 939 3790 sirnplieern
979 3710 1036 3772 serl
1062 3727 1192 3789 puram,

128 3815 187 3877 sed
212 3833 332 3881 reruni.
358 3815 416 3876 sod
441 3813 595 3877 Lalinanr
618 3815 857 3879 vocabulorum
881 3816 1018 3897 (quibus
1041 3816 1193 3897 singulae

130 3941 192 3995 res
228 3921 336 4002 quoad
363 3919 435 3984 eius
470 3920 541 3984 fieri
566 3924 685 4003 polosl,
710 3922 884 3987 Laiialiler
909 3927 941 3986 el
964 3922 1112 3986 serialim
1137 3944 1193 3986 ex-

127 4027 311 4110 plicarun)
347 4029 505 4110 praebeat
542 4029 727 4093 doctrinam
763 4032 796 4092 ot
832 4030 926 4111 quasi
959 4031 1007 4092 lae
1033 4029 1191 4111 parvulis,

128 4139 163 4199 ul
188 4134 296 4216 inquil
312 4135 494 4218 Apostolus
504 4133 543 4216 ⁵),
568 4136 610 4199 ad
634 4137 894 4219 comparandum
912 4137 1036 4200 lacleae
1055 4137 1192 4200 landem

128 4244 161 4305 et
185 4242 426 4306 inellilissirnao
451 4241 621 4307 Romanae
656 4243 866 4324 eloquonliae
903 4244 1004 4306 decus
1040 4263 1193 4324 progym-

55 4418 68 4425 ,
127 4368 252 4412 nasrna.
293 4349 366 4427 Quo
391 4349 534 4432 prunum
559 4350 659 4415 veluti
686 4351 799 4415 lacteis
823 4350 906 4415 cibis
931 4351 1103 4415 conunode
1130 4371 1192 4414 nu-
