2790 4366
679 307 898 378 ,84-

751 505 833 573 xcl.

375 645 489 717 Idem
511 645 659 718 Joanni
682 645 861 718 Thomas
884 646 966 718 filio
990 646 1173 718 salutem
1186 651 1212 733 ¹)

451 809 534 872 Cum
553 809 586 872 te
603 810 672 873 tam
689 807 920 890 grammaticae
936 811 1043 874 metas
1060 811 1329 892 praeterreclum

369 933 551 994 cernerem,
575 913 622 979 fili
646 914 829 994 carissime,
854 917 885 978 et
911 935 972 998 per
996 915 1212 982 humaniores
1228 915 1329 980 disei-

370 1019 479 1103 plinas
512 1021 608 1104 quasi
644 1041 704 1105 per
736 1021 874 1084 lloridos
906 1040 1043 1104 campos
1073 1023 1329 1105 exspatianlem,

376 1131 414 1192 ut
446 1126 524 1191 inde
555 1127 696 1192 arduum
725 1127 915 1192 dialectices
945 1131 978 1192 et
1006 1129 1181 1209 spinosum
1211 1129 1327 1193 collem

303 1233 323 1296 5
375 1233 627 1310 conscenderes
652 1255 692 1298 ea
709 1235 750 1298 de
767 1253 801 1297 re
825 1234 853 1298 si
871 1235 1048 1316 quaepiam
1072 1235 1131 1298 tibi
1156 1235 1327 1318 praecipe-

371 1359 450 1420 rem,
475 1341 737 1404 consentaneum
762 1340 851 1404 duxi.
899 1341 1016 1422 Neque
1041 1341 1129 1405 enim
1154 1361 1221 1406 non
1244 1359 1324 1404 con·

371 1445 485 1509 venire
506 1445 788 1526 indulgentissimi
811 1465 968 1528 umquam
984 1449 1141 1528 parentes
1158 1447 1326 1511 existima-

373 1551 492 1632 verint,
516 1553 552 1616 ut
576 1551 702 1634 aliquid
727 1552 808 1617 mihi
832 1553 942 1617 oneris
962 1555 1178 1618 subeundum
1200 1557 1327 1637 putem.

373 1678 439 1741 quo
463 1661 500 1724 tu
524 1677 592 1722 non
617 1659 659 1723 ab
682 1678 783 1723 onere
808 1660 916 1723 solum
939 1660 1083 1724 maximo
1107 1661 1242 1736 leveris,
1267 1658 1326 1722 sed

286 1767 326 1828 10
371 1784 413 1828 ne
437 1764 594 1830 flexuosis
617 1784 752 1847 quoque
781 1765 976 1847 ambagibus
1008 1765 1216 1842 deterreare,
1242 1765 1325 1849 quin

370 1873 461 1934 recto
493 1873 526 1934 et
553 1870 717 1935 inoffenso
745 1871 864 1935 itinere
895 1887 955 1953 per
989 1871 1108 1936 collem
1137 1872 1238 1936 istum
1269 1873 1326 1936 de-

370 1980 483 2041 rectus
508 1977 549 2042 ad
566 1997 734 2042 summurn
751 1997 922 2044 sacrorum
939 1977 1149 2060 eloquiorum
1167 1979 1322 2042 verticem

370 2084 565 2166 perducere.
604 2083 744 2148 Erralur
768 2083 855 2148 enim
878 2084 941 2147 hoc
965 2085 1125 2166 temporis
1142 2083 1324 2166 plurimum

372 2189 614 2254 consuetudine
649 2209 767 2271 prava,
802 2191 893 2272 quod
929 2191 962 2254 el
1000 2189 1136 2271 pessimi
1172 2191 1325 2255 coluntur

287 2297 323 2360 15
372 2297 472 2360 duces
497 2315 557 2360 nec
581 2299 669 2374 sunt,
694 2295 750 2377 qui
768 2295 953 2359 senticosus
977 2299 1011 2359 et
1031 2295 1150 2376 plenos
1167 2294 1326 2379 vepribus

371 2403 471 2467 calles
495 2421 697 2484 perpurgare
722 2401 910 2467 moliantur.
958 2401 1089 2480 Quotus
1122 2403 1212 2466 enim
1235 2403 1326 2484 quis-

371 2529 436 2592 que
461 2529 528 2574 non
552 2529 674 2592 pavore
698 2511 951 2590 consternatur,
976 2528 1044 2572 nnn
1068 2509 1205 2574 lrorrore
1229 2508 1327 2573 dillu-

370 2617 449 2696 giat‚
473 2615 530 2698 qui
553 2616 639 2680 hanc
663 2614 772 2697 ipsam
802 2615 1028 2698 disciplinam,
1060 2614 1201 2680 aliarum
1221 2635 1327 2698 paene

375 2721 522 2786 omniurn
547 2721 750 2803 magistram,
782 2725 1003 2803 percepturus
1027 2723 1079 2784 est
1104 2725 1138 2786 et
1163 2741 1236 2786 eum
1261 2721 1328 2804 pri-

282 2830 325 2892 20
371 2847 462 2892 mum
494 2827 529 2892 in
552 2828 682 2892 scholas
711 2827 837 2892 aditum
867 2827 996 2904 tulerit,
1026 2831 1173 2891 actutum
1199 2829 1328 2892 audiat:

378 2933 575 3013 „Terminus
611 2936 663 2998 est
699 2933 829 3016 signum
865 2934 1025 2998 orationis
1060 2933 1326 3002 constitutivum.

372 3043 407 3106 ut
431 3061 509 3124 pars
533 3043 724 3124 propinqua
749 3040 937 3104 eiusdcm“!
984 3040 1067 3116 Quis
1090 3041 1191 3104 etiam
1216 3041 1326 3105 raten-

370 3147 434 3212 tior
464 3147 637 3230 aliquanto
667 3167 864 3230 progressus
901 3166 966 3210 non
1001 3149 1187 3210 remoretur
1219 3148 1325 3215 modo„

372 3254 430 3317 sed
453 3255 574 3337 pedem
591 3254 723 3334 reserat,
748 3273 824 3317 curn
841 3253 1060 3317 terminorum
1078 3253 1326 3335 suppositiones

284 3361 326 3423 25
374 3361 426 3423 rel
462 3361 502 3423 de
539 3361 719 3443 longinquo
755 3359 1024 3424 subodoraverit!
1076 3359 1143 3424 Sed
1178 3363 1211 3423 et
1246 3361 1325 3424 illud

374 3466 579 3530 discentibus
626 3470 658 3531 et
698 3466 833 3548 quidem
879 3465 1034 3530 eximium
1081 3465 1326 3531 incommodum

371 3572 517 3652 obvenit,
542 3573 620 3636 dum
635 3571 829 3637 Aristotelis
853 3591 1014 3654 organum
1037 3571 1227 3653 aggressuri
1252 3577 1326 3636 sunt

374 3679 407 3742 et
430 3678 539 3760 primo
564 3679 659 3760 quasi
684 3679 720 3742 in
744 3677 859 3742 limine
882 3677 1056 3742 offendunt
1084 3679 1288 3760 excogitatas
1310 3697 1325 3741 a

372 3783 554 3849 neotericis'
577 3784 827 3866 inexplicabiles
851 3785 1083 3866 quaestioneS,
1113 3785 1255 3850 dixerim
1287 3805 1325 3850 an

284 3893 326 3958 30
372 3889 485 3954 verius
518 3889 694 3970 ambages,
726 3911 812 3971 quae
840 3891 973 3954 tametsi
997 3895 1150 3972 vegetum
1182 3891 1325 3974 alioquin
