2632 4718
521 720 738 801 —roa

212 911 322 975 cuIaIa
340 911 483 994 pictura,
509 914 568 977 sed
591 914 634 979 ad
657 913 757 978 fidem
781 915 911 996 placeat
933 917 1110 980 emcndaia
1134 919 1188 981 ci¹

214 1018 345 1082 erudita
370 1020 550 1085 diinnclio.
605 1020 718 1084 Discat
743 1023 848 1102 primo
873 1021 1087 1099 Psalicrium,
1115 1022 1167 1086 his

144 1125 164 1186 5
211 1144 247 1188 sc
270 1126 409 1190 canticis
438 1131 586 1190 sauciam
612 1131 708 1191 vocet
737 1132 770 1191 ct
799 1128 832 1191 in
858 1129 1048 1193 Proverbiis
1072 1131 1166 1194 Salo-

212 1233 319 1295 monis
348 1233 518 1297 erudialur
549 1235 592 1297 ad
621 1233 735 1298 riiam.
795 1235 832 1297 ln
857 1235 1058 1299 Ecclesiaste
1087 1256 1166 1300 con·
1236 1277 1239 1281 -

211 1343 353 1414 sucscai,
377 1360 463 1420 quae
487 1340 603 1404 muudi
628 1344 717 1406 suni.
742 1341 880 1405 calcare.
920 1343 957 1404 Iu
982 1343 1044 1406 Iob
1061 1342 1167 1407 rirIu-

211 1444 254 1507 iis
279 1449 313 1509 ct
337 1446 518 1526 patieuiiac
543 1448 695 1529 cxcmpla
719 1451 874 1511 societur.
912 1447 964 1510 Ad
988 1447 1167 1531 Evangelia

211 1555 359 1615 transcat
384 1553 516 1634 iamque
541 1574 579 1617 ca
604 1554 755 1634 positura
779 1554 820 1617 dc
845 1555 999 1618 manibus
1024 1555 1167 1638 Aposto-

126 1658 166 1720 10
211 1658 318 1722 lorum
348 1664 422 1723 acia
452 1663 483 1723 cI
508 1660 675 1741 Epistulas
706 1663 776 1724 Iota
803 1660 913 1723 cordis
942 1662 1080 1726 imbibat
1109 1683 1166 1725 ro-

211 1765 347 1829 luctata.

562 1872 702 1936 XXXIV.

210 1977 271 2044 Ex
294 1976 437 2045 eodem
459 1977 512 2046 ad
534 1977 742 2046 Rusticum
764 1976 1016 2046 monachum.
1026 1981 1052 2063 ¹)

300 2102 489 2184 Numquam
527 2105 567 2167 de
599 2123 698 2168 manu
733 2108 767 2168 ot
802 2105 907 2168 oculis
936 2104 1004 2168 luis
1034 2106 1165 2169 recedat

211 2208 304 2287 libor,
330 2210 476 2273 discatur
501 2211 701 2273 Psaiicrium
726 2212 941 2290 adverbum.

570 2369 693 2432 XXXV.

167 2489 228 2557 Ex
251 2489 417 2578 prologo
442 2491 621 2560 eiusdem
644 2491 685 2559 in
708 2491 830 2560 libros
854 2491 1087 2560 Salomonis.

292 2618 398 2680 ...Iu
417 2619 604 2681 Proverbiis
622 2619 799 2698 parvulum
817 2618 940 2681 docens
961 2619 993 2679 ci
1010 2617 1105 2697 quasi
1123 2619 1165 2682 de

209 2721 327 2786 officiis
345 2743 403 2804 per
419 2724 606 2786 sculcnlias
631 2724 794 2786 erudiens
833 2724 928 2785 Uudc
949 2727 982 2785 ct
999 2723 1040 2786 ad
1057 2721 1163 2787 filium

209 2849 318 2892 sermo
342 2831 459 2892 crebro
484 2830 658 2910 reperitur.

561 2989 701 3051 XXXVI.

125 3111 187 3179 Ex
210 3111 495 3180 commentario
521 3111 699 3180 eiusdem
722 3111 764 3178 in
787 3109 997 3197 epistolam
1020 3111 1133 3180 Pauli

507 3218 559 3287 ad
582 3217 761 3298 Titum.¹)

298 3346 446 3409 ScicrrIia
470 3346 604 3426 piciaiis
629 3348 678 3408 esi
704 3364 802 3407 uossc
827 3344 948 3423 Iegem,
978 3343 1164 3424 inlelligere

210 3453 414 3533 Prophetas,
460 3453 637 3533 Erarrgciio
676 3452 830 3527 crcdcro,
878 3450 1058 3529 Apostolos
1099 3469 1164 3512 rrou

208 3557 369 3638 ignorare.

551 3665 708 3729 XXXVII.

192 3786 255 3854 Ex
278 3787 351 3855 XII
374 3787 474 3856 libro
498 3787 661 3856 Eusebii
685 3787 734 3854 da
758 3783 1062 3873 praeparatione

488 3892 773 3981 EvangelIca.¹)

301 4019 466 4096 Quoniam
492 4020 578 4082 onim
601 4021 784 4082 icucriorcs
809 4018 886 4081 armi
912 4018 1072 4080 raliorrcm
1097 4016 1163 4079 vir-

209 4128 290 4188 Iulis
321 4147 386 4188 nou
417 4126 616 4206 suscipiunt,
648 4126 726 4188 ludo
758 4128 859 4205 alque
891 4127 989 4186 carrlu
1022 4143 1162 4204 praepa-

211 4236 334 4295 raqur.
383 4234 458 4295 Iurc
483 4231 582 4311 igilur
607 4233 695 4312 apud
728 4252 787 4293 uos
815 4231 1056 4311 Prophetarum
1079 4230 1162 4292 uduo

208 4360 227 4401 a
251 4339 364 4419 pueris
389 4339 618 4402 addiscuntur.
