<?xml version="1.0" encoding="UTF-8"?>
<!DOCTYPE html PUBLIC "-//W3C//DTD XHTML 1.0 Transitional//EN"
    "http://www.w3.org/TR/xhtml1/DTD/xhtml1-transitional.dtd">
<html xmlns="http://www.w3.org/1999/xhtml" xml:lang="en" lang="en">
 <head>
  <title>
</title>
<meta http-equiv="Content-Type" content="text/html;charset=utf-8" />
  <meta name='ocr-system' content='tesseract 3.04.00' />
  <meta name='ocr-capabilities' content='ocr_page ocr_carea ocr_par ocr_line ocrx_word'/>
</head>
<body>
  <div class='ocr_page' id='page_1' title='image "./ausgewhltewerke00bmgoog_0481.png"; bbox 0 0 2632 4718; ppageno 0'>
   <div class='ocr_carea' id='block_1_1' title="bbox 251 1014 1005 1242">
    <p class='ocr_par' dir='ltr' id='par_1_1' title="bbox 251 1014 1005 1242">
     <span class='ocr_line' id='line_1_1' title="bbox 581 1014 675 1079; baseline -0.011 0"><span class='ocrx_word' id='word_1_1' title='bbox 581 1014 675 1079; x_wconf 83' lang='lat' dir='ltr'>CXX.</span> 
     </span>
     <span class='ocr_line' id='line_1_2' title="bbox 251 1152 1005 1242; baseline -0.003 -18"><span class='ocrx_word' id='word_1_2' title='bbox 251 1152 490 1242; x_wconf 59' lang='lat' dir='ltr'>liudolphus</span> <span class='ocrx_word' id='word_1_3' title='bbox 511 1152 697 1242; x_wconf 67' lang='lat' dir='ltr'>Agrieda</span> <span class='ocrx_word' id='word_1_4' title='bbox 719 1152 964 1223; x_wconf 80' lang='lat' dir='ltr'>Barbiriano.</span> <span class='ocrx_word' id='word_1_5' title='bbox 976 1155 1005 1239; x_wconf 87' lang='lat'>¹)</span> 
     </span>
    </p>
   </div>
   <div class='ocr_carea' id='block_1_2' title="bbox 121 1304 1166 2979">
    <p class='ocr_par' dir='ltr' id='par_1_2' title="bbox 206 1304 1163 2238">
     <span class='ocr_line' id='line_1_3' title="bbox 297 1304 1160 1395; baseline 0 -18"><span class='ocrx_word' id='word_1_6' title='bbox 297 1304 362 1377; x_wconf 86' lang='lat' dir='ltr'>Per</span> <span class='ocrx_word' id='word_1_7' title='bbox 384 1312 467 1377; x_wconf 86' lang='lat' dir='ltr'>haee</span> <span class='ocrx_word' id='word_1_8' title='bbox 489 1314 612 1395; x_wconf 81' lang='lat' dir='ltr'>gradus</span> <span class='ocrx_word' id='word_1_9' title='bbox 636 1312 679 1377; x_wconf 83' lang='lat' dir='ltr'>ud</span> <span class='ocrx_word' id='word_1_10' title='bbox 702 1332 814 1378; x_wconf 85' lang='lat' dir='ltr'>sacras</span> <span class='ocrx_word' id='word_1_11' title='bbox 837 1312 968 1378; x_wconf 78' lang='lat' dir='ltr'><strong>litteras</strong></span> <span class='ocrx_word' id='word_1_12' title='bbox 992 1313 1160 1379; x_wconf 83' lang='lat' dir='ltr'>faciendus</span> 
     </span>
     <span class='ocr_line' id='line_1_4' title="bbox 209 1417 1160 1501; baseline 0.001 -20"><span class='ocrx_word' id='word_1_13' title='bbox 209 1420 260 1481; x_wconf 85' lang='lat' dir='ltr'>est</span> <span class='ocrx_word' id='word_1_14' title='bbox 288 1419 393 1483; x_wconf 86' lang='lat' dir='ltr'>etad</span> <span class='ocrx_word' id='word_1_15' title='bbox 420 1419 553 1484; x_wconf 89' lang='lat' dir='ltr'>illarnrn</span> <span class='ocrx_word' id='word_1_16' title='bbox 581 1419 830 1501; x_wconf 79' lang='lat' dir='ltr'>praescriptum</span> <span class='ocrx_word' id='word_1_17' title='bbox 857 1417 1053 1500; x_wconf 81' lang='lat' dir='ltr'>dirigendus</span> <span class='ocrx_word' id='word_1_18' title='bbox 1076 1420 1160 1484; x_wconf 83' lang='lat' dir='ltr'>ritae</span> 
     </span>
     <span class='ocr_line' id='line_1_5' title="bbox 208 1522 1161 1606; baseline 0 -18"><span class='ocrx_word' id='word_1_19' title='bbox 208 1522 306 1588; x_wconf 90' lang='lat' dir='ltr'>nobis</span> <span class='ocrx_word' id='word_1_20' title='bbox 329 1524 411 1589; x_wconf 90' lang='lat' dir='ltr'>ordo</span> <span class='ocrx_word' id='word_1_21' title='bbox 427 1523 723 1606; x_wconf 84' lang='lat' dir='ltr'>saluberrimisque</span> <span class='ocrx_word' id='word_1_22' title='bbox 745 1523 812 1590; x_wconf 91' lang='lat' dir='ltr'>illis</span> <span class='ocrx_word' id='word_1_23' title='bbox 828 1523 971 1590; x_wconf 89' lang='lat' dir='ltr'>ducibus</span> <span class='ocrx_word' id='word_1_24' title='bbox 988 1526 1032 1589; x_wconf 89' lang='lat' dir='ltr'>de</span> <span class='ocrx_word' id='word_1_25' title='bbox 1055 1527 1161 1589; x_wconf 84' lang='lat' dir='ltr'>nestra</span> 
     </span>
     <span class='ocr_line' id='line_1_6' title="bbox 208 1628 1161 1712; baseline 0 -19"><span class='ocrx_word' id='word_1_26' title='bbox 208 1630 316 1694; x_wconf 86' lang='lat' dir='ltr'>salute</span> <span class='ocrx_word' id='word_1_27' title='bbox 340 1629 553 1694; x_wconf 88' lang='lat' dir='ltr'>credendum.</span> <span class='ocrx_word' id='word_1_28' title='bbox 590 1630 737 1712; x_wconf 87' lang='lat' dir='ltr'>Reliqua</span> <span class='ocrx_word' id='word_1_29' title='bbox 751 1628 864 1695; x_wconf 88' lang='lat' dir='ltr'>ornnia</span> <span class='ocrx_word' id='word_1_30' title='bbox 879 1629 1024 1694; x_wconf 88' lang='lat' dir='ltr'>aliorum</span> <span class='ocrx_word' id='word_1_31' title='bbox 1042 1631 1161 1695; x_wconf 84' lang='lat' dir='ltr'>tradita</span> 
     </span>
     <span class='ocr_line' id='line_1_7' title="bbox 207 1735 1161 1817; baseline -0.001 -18"><span class='ocrx_word' id='word_1_32' title='bbox 207 1736 284 1817; x_wconf 89' lang='lat' dir='ltr'>plus</span> <span class='ocrx_word' id='word_1_33' title='bbox 319 1735 474 1799; x_wconf 83' lang='lat' dir='ltr'>minusve</span> <span class='ocrx_word' id='word_1_34' title='bbox 512 1736 637 1799; x_wconf 85' lang='lat' dir='ltr'>erroris</span> <span class='ocrx_word' id='word_1_35' title='bbox 672 1739 787 1800; x_wconf 84' lang='lat' dir='ltr'>tamen</span> <span class='ocrx_word' id='word_1_36' title='bbox 825 1735 950 1799; x_wconf 88' lang='lat' dir='ltr'>habent</span> <span class='ocrx_word' id='word_1_37' title='bbox 983 1735 1161 1800; x_wconf 87' lang='lat' dir='ltr'>admistum</span> 
     </span>
     <span class='ocr_line' id='line_1_8' title="bbox 206 1839 1162 1923; baseline 0 -20"><span class='ocrx_word' id='word_1_38' title='bbox 206 1839 342 1923; x_wconf 88' lang='lat' dir='ltr'>aliquid.</span> <span class='ocrx_word' id='word_1_39' title='bbox 389 1840 507 1923; x_wconf 85' lang='lat' dir='ltr'>Neque</span> <span class='ocrx_word' id='word_1_40' title='bbox 539 1841 629 1906; x_wconf 88' lang='lat' dir='ltr'>enim</span> <span class='ocrx_word' id='word_1_41' title='bbox 659 1840 853 1923; x_wconf 80' lang='lat' dir='ltr'>contingere</span> <span class='ocrx_word' id='word_1_42' title='bbox 888 1839 998 1923; x_wconf 87' lang='lat' dir='ltr'>potuit</span> <span class='ocrx_word' id='word_1_43' title='bbox 1030 1840 1094 1918; x_wconf 88' lang='lat' dir='ltr'>eis,</span> <span class='ocrx_word' id='word_1_44' title='bbox 1128 1842 1162 1904; x_wconf 90' lang='lat' dir='ltr'>ut</span> 
     </span>
     <span class='ocr_line' id='line_1_9' title="bbox 206 1945 1161 2029; baseline 0 -22"><span class='ocrx_word' id='word_1_45' title='bbox 206 1950 332 2011; x_wconf 85' lang='lat' dir='ltr'>rectum</span> <span class='ocrx_word' id='word_1_46' title='bbox 367 1950 402 2011; x_wconf 88' lang='lat' dir='ltr'>et</span> <span class='ocrx_word' id='word_1_47' title='bbox 432 1945 524 2010; x_wconf 91' lang='lat' dir='ltr'>nulla</span> <span class='ocrx_word' id='word_1_48' title='bbox 546 1946 760 2011; x_wconf 85' lang='lat' dir='ltr'>aberrantem</span> <span class='ocrx_word' id='word_1_49' title='bbox 787 1948 885 2029; x_wconf 88' lang='lat' dir='ltr'>parte</span> <span class='ocrx_word' id='word_1_50' title='bbox 914 1964 1053 2010; x_wconf 89' lang='lat' dir='ltr'>cursum</span> <span class='ocrx_word' id='word_1_51' title='bbox 1075 1946 1161 2010; x_wconf 83' lang='lat' dir='ltr'>ritae</span> 
     </span>
     <span class='ocr_line' id='line_1_10' title="bbox 206 2049 1163 2133; baseline 0 -20"><span class='ocrx_word' id='word_1_52' title='bbox 206 2050 437 2131; x_wconf 70' lang='lat' dir='ltr'>instituerent,</span> <span class='ocrx_word' id='word_1_53' title='bbox 466 2049 525 2133; x_wconf 91' lang='lat' dir='ltr'>qui</span> <span class='ocrx_word' id='word_1_54' title='bbox 548 2049 624 2133; x_wconf 89' lang='lat' dir='ltr'>quis</span> <span class='ocrx_word' id='word_1_55' title='bbox 647 2052 737 2115; x_wconf 89' lang='lat' dir='ltr'>esset</span> <span class='ocrx_word' id='word_1_56' title='bbox 759 2050 848 2116; x_wconf 89' lang='lat' dir='ltr'>vitae</span> <span class='ocrx_word' id='word_1_57' title='bbox 872 2050 1067 2133; x_wconf 85' lang='lat' dir='ltr'>prepositus</span> <span class='ocrx_word' id='word_1_58' title='bbox 1088 2049 1163 2114; x_wconf 82' lang='lat' dir='ltr'>finis</span> 
     </span>
     <span class='ocr_line' id='line_1_11' title="bbox 208 2155 1163 2238; baseline -0.002 -18"><span class='ocrx_word' id='word_1_59' title='bbox 208 2159 266 2220; x_wconf 86' lang='lat' dir='ltr'>aut</span> <span class='ocrx_word' id='word_1_60' title='bbox 301 2156 469 2220; x_wconf 81' lang='lat' dir='ltr'>nescirent</span> <span class='ocrx_word' id='word_1_61' title='bbox 505 2159 564 2221; x_wconf 86' lang='lat' dir='ltr'>aut</span> <span class='ocrx_word' id='word_1_62' title='bbox 592 2157 695 2220; x_wconf 74' lang='lat' dir='ltr'>veluti</span> <span class='ocrx_word' id='word_1_63' title='bbox 729 2175 790 2237; x_wconf 89' lang='lat' dir='ltr'>per</span> <span class='ocrx_word' id='word_1_64' title='bbox 818 2155 942 2220; x_wconf 91' lang='lat' dir='ltr'>nubem</span> <span class='ocrx_word' id='word_1_65' title='bbox 974 2159 1163 2238; x_wconf 84' lang='lat' dir='ltr'>spectantes</span> 
     </span>
    </p>

    <p class='ocr_par' dir='ltr' id='par_1_3' title="bbox 121 2260 1165 2767">
     <span class='ocr_line' id='line_1_12' title="bbox 121 2260 1163 2343; baseline -0.001 -18"><span class='ocrx_word' id='word_1_66' title='bbox 121 2263 162 2326; x_wconf 79' lang='lat'>10</span> <span class='ocrx_word' id='word_1_67' title='bbox 207 2260 458 2343; x_wconf 84' lang='lat' dir='ltr'>suspicarentur</span> <span class='ocrx_word' id='word_1_68' title='bbox 482 2262 699 2343; x_wconf 85' lang='lat' dir='ltr'>dicerentque</span> <span class='ocrx_word' id='word_1_69' title='bbox 723 2261 941 2342; x_wconf 81' lang='lat' dir='ltr'>constantius,</span> <span class='ocrx_word' id='word_1_70' title='bbox 967 2281 1069 2343; x_wconf 88' lang='lat' dir='ltr'>quam</span> <span class='ocrx_word' id='word_1_71' title='bbox 1093 2281 1163 2325; x_wconf 90' lang='lat' dir='ltr'>cre-</span> 
     </span>
     <span class='ocr_line' id='line_1_13' title="bbox 207 2366 1164 2448; baseline -0.003 -17"><span class='ocrx_word' id='word_1_72' title='bbox 207 2368 336 2433; x_wconf 89' lang='lat' dir='ltr'>derent.</span> <span class='ocrx_word' id='word_1_73' title='bbox 383 2367 429 2430; x_wconf 85' lang='lat' dir='ltr'>At</span> <span class='ocrx_word' id='word_1_74' title='bbox 457 2386 573 2432; x_wconf 85' lang='lat' dir='ltr'>sacrae</span> <span class='ocrx_word' id='word_1_75' title='bbox 606 2367 735 2432; x_wconf 86' lang='lat' dir='ltr'>litterae</span> <span class='ocrx_word' id='word_1_76' title='bbox 771 2369 839 2431; x_wconf 85' lang='lat' dir='ltr'>tarn</span> <span class='ocrx_word' id='word_1_77' title='bbox 868 2368 966 2448; x_wconf 84' lang='lat' dir='ltr'>longe</span> <span class='ocrx_word' id='word_1_78' title='bbox 995 2368 1038 2431; x_wconf 88' lang='lat' dir='ltr'>ab</span> <span class='ocrx_word' id='word_1_79' title='bbox 1074 2366 1164 2431; x_wconf 87' lang='lat' dir='ltr'>omni</span> 
     </span>
     <span class='ocr_line' id='line_1_14' title="bbox 210 2473 1165 2555; baseline -0.001 -19"><span class='ocrx_word' id='word_1_80' title='bbox 210 2493 322 2537; x_wconf 89' lang='lat' dir='ltr'>errore</span> <span class='ocrx_word' id='word_1_81' title='bbox 346 2476 502 2552; x_wconf 88' lang='lat' dir='ltr'>remotae,</span> <span class='ocrx_word' id='word_1_82' title='bbox 527 2493 628 2555; x_wconf 89' lang='lat' dir='ltr'>qnam</span> <span class='ocrx_word' id='word_1_83' title='bbox 645 2474 702 2555; x_wconf 90' lang='lat' dir='ltr'>qui</span> <span class='ocrx_word' id='word_1_84' title='bbox 727 2493 783 2538; x_wconf 88' lang='lat' dir='ltr'>eas</span> <span class='ocrx_word' id='word_1_85' title='bbox 807 2473 944 2537; x_wconf 87' lang='lat' dir='ltr'>tradidit</span> <span class='ocrx_word' id='word_1_86' title='bbox 961 2473 1055 2537; x_wconf 91' lang='lat' dir='ltr'>deus.</span> <span class='ocrx_word' id='word_1_87' title='bbox 1095 2473 1165 2536; x_wconf 85' lang='lat' dir='ltr'>Hae</span> 
     </span>
     <span class='ocr_line' id='line_1_15' title="bbox 207 2578 1165 2661; baseline -0.002 -18"><span class='ocrx_word' id='word_1_88' title='bbox 207 2582 295 2659; x_wconf 87' lang='lat' dir='ltr'>sunt,</span> <span class='ocrx_word' id='word_1_89' title='bbox 321 2598 407 2661; x_wconf 80' lang='lat' dir='ltr'>quae</span> <span class='ocrx_word' id='word_1_90' title='bbox 423 2579 513 2644; x_wconf 88' lang='lat' dir='ltr'>solae</span> <span class='ocrx_word' id='word_1_91' title='bbox 538 2599 597 2642; x_wconf 89' lang='lat' dir='ltr'>nes</span> <span class='ocrx_word' id='word_1_92' title='bbox 619 2582 719 2658; x_wconf 86' lang='lat' dir='ltr'>certa,</span> <span class='ocrx_word' id='word_1_93' title='bbox 744 2578 849 2643; x_wconf 86' lang='lat' dir='ltr'>solida</span> <span class='ocrx_word' id='word_1_94' title='bbox 865 2581 1025 2660; x_wconf 88' lang='lat' dir='ltr'>rectaque</span> <span class='ocrx_word' id='word_1_95' title='bbox 1043 2580 1165 2643; x_wconf 87' lang='lat' dir='ltr'>ducant</span> 
     </span>
     <span class='ocr_line' id='line_1_16' title="bbox 207 2683 1165 2767; baseline 0 -19"><span class='ocrx_word' id='word_1_96' title='bbox 207 2684 276 2764; x_wconf 88' lang='lat' dir='ltr'>via,</span> <span class='ocrx_word' id='word_1_97' title='bbox 310 2704 463 2767; x_wconf 89' lang='lat' dir='ltr'>quaeque</span> <span class='ocrx_word' id='word_1_98' title='bbox 491 2686 581 2750; x_wconf 89' lang='lat' dir='ltr'>omni</span> <span class='ocrx_word' id='word_1_99' title='bbox 612 2684 762 2748; x_wconf 85' lang='lat' dir='ltr'>discussa</span> <span class='ocrx_word' id='word_1_100' title='bbox 796 2683 935 2765; x_wconf 84' lang='lat' dir='ltr'>caligine</span> <span class='ocrx_word' id='word_1_101' title='bbox 967 2688 1165 2765; x_wconf 84' lang='lat' dir='ltr'>sequentem</span> 
     </span>
    </p>

    <p class='ocr_par' dir='ltr' id='par_1_4' title="bbox 124 2790 1166 2979">
     <span class='ocr_line' id='line_1_17' title="bbox 124 2790 1166 2872; baseline 0 -18"><span class='ocrx_word' id='word_1_102' title='bbox 124 2791 163 2854; x_wconf 85' lang='lat'>15</span> <span class='ocrx_word' id='word_1_103' title='bbox 211 2811 247 2854; x_wconf 89' lang='lat' dir='ltr'>se</span> <span class='ocrx_word' id='word_1_104' title='bbox 270 2810 337 2855; x_wconf 91' lang='lat' dir='ltr'>non</span> <span class='ocrx_word' id='word_1_105' title='bbox 360 2790 440 2871; x_wconf 86' lang='lat' dir='ltr'>salli,</span> <span class='ocrx_word' id='word_1_106' title='bbox 465 2812 533 2855; x_wconf 92' lang='lat' dir='ltr'>non</span> <span class='ocrx_word' id='word_1_107' title='bbox 557 2792 725 2870; x_wconf 81' lang='lat' dir='ltr'>excidere,</span> <span class='ocrx_word' id='word_1_108' title='bbox 754 2810 822 2854; x_wconf 92' lang='lat' dir='ltr'>non</span> <span class='ocrx_word' id='word_1_109' title='bbox 845 2809 986 2872; x_wconf 86' lang='lat' dir='ltr'>usquam</span> <span class='ocrx_word' id='word_1_110' title='bbox 1009 2792 1166 2856; x_wconf 86' lang='lat' dir='ltr'>aberrare</span> 
     </span>
     <span class='ocr_line' id='line_1_18' title="bbox 207 2896 389 2979; baseline 0.011 -19"><span class='ocrx_word' id='word_1_111' title='bbox 207 2896 389 2979; x_wconf 85' lang='lat' dir='ltr'>patiantur.</span> 
     </span>
    </p>
   </div>
   <div class='ocr_carea' id='block_1_3' title="bbox 577 3106 685 3171">
    <p class='ocr_par' dir='ltr' id='par_1_5' title="bbox 577 3106 685 3171">
     <span class='ocr_line' id='line_1_19' title="bbox 577 3106 685 3171; baseline 0.009 -1"><span class='ocrx_word' id='word_1_112' title='bbox 577 3106 685 3171; x_wconf 90' lang='lat' dir='ltr'><strong>CXXI.</strong></span> 
     </span>
    </p>
   </div>
   <div class='ocr_carea' id='block_1_4' title="bbox 150 3260 1118 3456">
    <p class='ocr_par' dir='ltr' id='par_1_6' title="bbox 150 3260 1118 3456">
     <span class='ocr_line' id='line_1_20' title="bbox 150 3260 1118 3343; baseline 0.001 -12"><span class='ocrx_word' id='word_1_113' title='bbox 150 3262 326 3332; x_wconf 83' lang='lat' dir='ltr'>Joannes</span> <span class='ocrx_word' id='word_1_114' title='bbox 356 3261 473 3331; x_wconf 86' lang='lat' dir='ltr'>Picus</span> <span class='ocrx_word' id='word_1_115' title='bbox 501 3262 647 3333; x_wconf 82' lang='lat' dir='ltr'>Joanni</span> <span class='ocrx_word' id='word_1_116' title='bbox 669 3261 893 3343; x_wconf 84' lang='lat' dir='ltr'>Francisco,</span> <span class='ocrx_word' id='word_1_117' title='bbox 923 3279 973 3329; x_wconf 87' lang='lat' dir='ltr'>ex</span> <span class='ocrx_word' id='word_1_118' title='bbox 996 3260 1118 3332; x_wconf 84' lang='lat' dir='ltr'>fratre</span> 
     </span>
     <span class='ocr_line' id='line_1_21' title="bbox 545 3368 717 3456; baseline 0.006 -20"><span class='ocrx_word' id='word_1_119' title='bbox 545 3368 717 3456; x_wconf 80' lang='lat' dir='ltr'>nepoti1&gt;</span> 
     </span>
    </p>
   </div>
   <div class='ocr_carea' id='block_1_5' title="bbox 144 3526 1169 4244">
    <p class='ocr_par' dir='ltr' id='par_1_7' title="bbox 209 3526 1168 3926">
     <span class='ocr_line' id='line_1_22' title="bbox 300 3526 1167 3610; baseline 0.001 -19"><span class='ocrx_word' id='word_1_120' title='bbox 300 3527 391 3591; x_wconf 92' lang='lat' dir='ltr'>Nihil</span> <span class='ocrx_word' id='word_1_121' title='bbox 422 3528 485 3591; x_wconf 91' lang='lat' dir='ltr'>deo</span> <span class='ocrx_word' id='word_1_122' title='bbox 520 3527 664 3610; x_wconf 79' lang='lat' dir='ltr'>gratiuS,</span> <span class='ocrx_word' id='word_1_123' title='bbox 699 3527 784 3592; x_wconf 91' lang='lat' dir='ltr'>nihil</span> <span class='ocrx_word' id='word_1_124' title='bbox 815 3526 877 3590; x_wconf 91' lang='lat' dir='ltr'>tibi</span> <span class='ocrx_word' id='word_1_125' title='bbox 911 3527 1027 3591; x_wconf 88' lang='lat' dir='ltr'>utilius</span> <span class='ocrx_word' id='word_1_126' title='bbox 1059 3528 1167 3593; x_wconf 84' lang='lat' dir='ltr'>iacere</span> 
     </span>
     <span class='ocr_line' id='line_1_23' title="bbox 209 3632 1168 3714; baseline 0 -19"><span class='ocrx_word' id='word_1_127' title='bbox 209 3634 318 3714; x_wconf 81' lang='lat' dir='ltr'>potes,</span> <span class='ocrx_word' id='word_1_128' title='bbox 335 3652 435 3714; x_wconf 86' lang='lat' dir='ltr'>quarn</span> <span class='ocrx_word' id='word_1_129' title='bbox 460 3634 488 3696; x_wconf 92' lang='lat' dir='ltr'>si</span> <span class='ocrx_word' id='word_1_130' title='bbox 513 3653 578 3697; x_wconf 89' lang='lat' dir='ltr'>nen</span> <span class='ocrx_word' id='word_1_131' title='bbox 604 3632 788 3698; x_wconf 86' lang='lat' dir='ltr'>cessaveris</span> <span class='ocrx_word' id='word_1_132' title='bbox 804 3632 933 3696; x_wconf 88' lang='lat' dir='ltr'>litteras</span> <span class='ocrx_word' id='word_1_133' title='bbox 957 3652 1070 3696; x_wconf 84' lang='lat' dir='ltr'>sacras</span> <span class='ocrx_word' id='word_1_134' title='bbox 1089 3651 1168 3696; x_wconf 90' lang='lat' dir='ltr'>noc·</span> 
     </span>
     <span class='ocr_line' id='line_1_24' title="bbox 210 3737 1167 3817; baseline 0.001 -17"><span class='ocrx_word' id='word_1_135' title='bbox 210 3740 310 3800; x_wconf 88' lang='lat' dir='ltr'>turna</span> <span class='ocrx_word' id='word_1_136' title='bbox 335 3757 466 3802; x_wconf 83' lang='lat' dir='ltr'>versare</span> <span class='ocrx_word' id='word_1_137' title='bbox 490 3759 602 3817; x_wconf 89' lang='lat' dir='ltr'>manu,</span> <span class='ocrx_word' id='word_1_138' title='bbox 626 3759 760 3803; x_wconf 80' lang='lat' dir='ltr'>versare</span> <span class='ocrx_word' id='word_1_139' title='bbox 785 3738 914 3802; x_wconf 88' lang='lat' dir='ltr'>diurna.</span> <span class='ocrx_word' id='word_1_140' title='bbox 957 3737 1055 3802; x_wconf 86' lang='lat' dir='ltr'>Latet</span> <span class='ocrx_word' id='word_1_141' title='bbox 1078 3737 1167 3801; x_wconf 90' lang='lat' dir='ltr'>enim</span> 
     </span>
     <span class='ocr_line' id='line_1_25' title="bbox 210 3840 1168 3926; baseline 0.005 -23"><span class='ocrx_word' id='word_1_142' title='bbox 210 3840 338 3904; x_wconf 88' lang='lat' dir='ltr'>inillis</span> <span class='ocrx_word' id='word_1_143' title='bbox 373 3842 526 3908; x_wconf 88' lang='lat' dir='ltr'>coelestis</span> <span class='ocrx_word' id='word_1_144' title='bbox 561 3844 611 3908; x_wconf 84' lang='lat' dir='ltr'>ris</span> <span class='ocrx_word' id='word_1_145' title='bbox 646 3844 829 3926; x_wconf 77' lang='lat' dir='ltr'>quaedam,</span> <span class='ocrx_word' id='word_1_146' title='bbox 865 3844 940 3907; x_wconf 79' lang='lat' dir='ltr'>vira</span> <span class='ocrx_word' id='word_1_147' title='bbox 974 3846 1008 3907; x_wconf 92' lang='lat' dir='ltr'>et</span> <span class='ocrx_word' id='word_1_148' title='bbox 1040 3842 1168 3922; x_wconf 78' lang='lat' dir='ltr'>efficax,</span> 
     </span>
    </p>

    <p class='ocr_par' dir='ltr' id='par_1_8' title="bbox 144 3947 1169 4244">
     <span class='ocr_line' id='line_1_26' title="bbox 144 3947 1169 4032; baseline 0 -20"><span class='ocrx_word' id='word_1_149' title='bbox 144 3951 163 4012; x_wconf 83' lang='lat'>5</span> <span class='ocrx_word' id='word_1_150' title='bbox 210 3966 296 4029; x_wconf 86' lang='lat' dir='ltr'>quae</span> <span class='ocrx_word' id='word_1_151' title='bbox 320 3947 460 4027; x_wconf 76' lang='lat' dir='ltr'>legentis</span> <span class='ocrx_word' id='word_1_152' title='bbox 483 3951 633 4014; x_wconf 87' lang='lat' dir='ltr'>animum</span> <span class='ocrx_word' id='word_1_153' title='bbox 662 3948 707 4032; x_wconf 90' lang='lat' dir='ltr'>(si</span> <span class='ocrx_word' id='word_1_154' title='bbox 732 3949 829 4014; x_wconf 86' lang='lat' dir='ltr'>medo</span> <span class='ocrx_word' id='word_1_155' title='bbox 853 3948 925 4013; x_wconf 87' lang='lat' dir='ltr'>illas</span> <span class='ocrx_word' id='word_1_156' title='bbox 950 3968 1034 4029; x_wconf 92' lang='lat' dir='ltr'>pure</span> <span class='ocrx_word' id='word_1_157' title='bbox 1058 3949 1169 4012; x_wconf 88' lang='lat' dir='ltr'>humi-</span> 
     </span>
     <span class='ocr_line' id='line_1_27' title="bbox 210 4051 1169 4134; baseline 0 -17"><span class='ocrx_word' id='word_1_158' title='bbox 210 4051 354 4134; x_wconf 85' lang='lat' dir='ltr'>literque</span> <span class='ocrx_word' id='word_1_159' title='bbox 377 4055 585 4131; x_wconf 78' lang='lat' dir='ltr'>tractaverit)</span> <span class='ocrx_word' id='word_1_160' title='bbox 616 4056 651 4119; x_wconf 93' lang='lat' dir='ltr'>in</span> <span class='ocrx_word' id='word_1_161' title='bbox 676 4054 825 4118; x_wconf 85' lang='lat' dir='ltr'>divinum</span> <span class='ocrx_word' id='word_1_162' title='bbox 850 4073 999 4120; x_wconf 88' lang='lat' dir='ltr'>amorem</span> <span class='ocrx_word' id='word_1_163' title='bbox 1022 4054 1169 4119; x_wconf 86' lang='lat' dir='ltr'>mirabili</span> 
     </span>
     <span class='ocr_line' id='line_1_28' title="bbox 210 4159 793 4244; baseline 0 -21"><span class='ocrx_word' id='word_1_164' title='bbox 210 4159 354 4244; x_wconf 85' lang='lat' dir='ltr'>quadarn</span> <span class='ocrx_word' id='word_1_165' title='bbox 378 4160 543 4241; x_wconf 86' lang='lat' dir='ltr'>potestate</span> <span class='ocrx_word' id='word_1_166' title='bbox 567 4160 793 4225; x_wconf 90' lang='lat' dir='ltr'>transformat.</span> 
     </span>
    </p>
   </div>
   <div class='ocr_carea' id='block_1_6' title="bbox 0 0 1328 4718">
    <p class='ocr_par' dir='ltr' id='par_1_9' title="bbox 0 0 1328 4718">
     <span class='ocr_line' id='line_1_29' title="bbox 0 0 1328 4718; baseline 0 0"><span class='ocrx_word' id='word_1_167' title='bbox 0 0 1328 4718; x_wconf 95' lang='lat' dir='ltr'> </span> 
     </span>
    </p>
   </div>
  </div>
 </body>
</html>
